2734 4150
1053 348 1131 413 XIX

140 496 357 573 tisiasiendi‚
396 515 499 582 quam
528 494 720 583 usquedum
745 498 819 562 fieri
848 475 1015 584 potuerat.
1060 506 1129 603 Hae

141 638 261 715 enim,
283 649 320 700 ut
338 633 404 710 alia
421 633 556 704 silentio
574 647 763 713 transeam,
788 637 888 700 etiam
912 639 993 702 talia
1015 644 1129 732 nomi·

23 755 28 766 ⁹
139 797 189 840 na
211 774 379 840 celebrari
403 785 582 857 poterunt,
605 772 692 858 quae
715 773 761 837 ob
785 776 1023 859 aequalitatem
1047 754 1126 843 cum

135 913 249 999 priori
266 913 336 998 jam
353 889 464 976 iuditu
481 931 570 978 novo
590 915 709 998 generi
727 932 798 977 non
817 914 1060 1010 ampliusdase
1081 918 1125 982 li-

139 1063 246 1114 seret.

171 1167 175 1174 ⁶
227 1186 491 1271 Subspecierum
514 1167 748 1252 distinctioues
771 1168 921 1258 maxime
936 1190 973 1252 in
992 1189 1124 1254 emolu-

137 1338 296 1390 mentum
317 1279 434 1390 eornm
451 1323 585 1404 additae
604 1337 700 1402 suut,
724 1326 783 1408 qui
803 1327 918 1424 bertus
936 1327 1123 1406 sustinent,

136 1477 177 1547 et
200 1463 301 1528 variis
326 1460 521 1525 nominibus
546 1458 682 1546 decepti
706 1440 902 1526 earumdem
917 1463 996 1528 viva
1011 1465 1146 1552 specis

136 1602 239 1667 mina
255 1619 376 1684 magno
392 1599 502 1685 pretio
520 1611 636 1664 emunt
646 1605 662 1679 ;'
672 1598 858 1664 sedtamen
866 1599 1033 1678 nesciunt,
1048 1601 1124 1687 qui-

116 1775 121 1792 ·
136 1741 205 1804 bus
216 1738 392 1824 speciebus
403 1733 551 1802 adscribi
560 1735 783 1814 debeant‚vel
792 1699 859 1821 qua
866 1738 998 1802 ratione
1008 1761 1045 1802 se
1059 1741 1120 1803 ha·

134 1877 244 1941 beant
261 1875 305 1940 ad
320 1859 413 1954 alias,
430 1888 464 1937 et
482 1873 527 1937 ad
537 1874 786 1974 verasspecies.
809 1875 877 1938 Sed
889 1847 973 1940 istae
982 1861 1123 1968 disti'n'of

137 2015 251 2080 tiones
278 2014 380 2099 etiam
396 2012 635 2103 Butsnicortim
659 2031 761 2097 saepe
780 2012 956 2099 postulatis
970 2001 1121 2105 'respou7

13 2176 15 2251 ζ
81 2194 95 2209 ,
138 2139 240 2217 dent:
262 2174 342 2216 nam
357 2151 481 2216 multae
497 2152 617 2215 harum
632 2125 888 2236 snbspesferum
905 2152 1041 2236 avariis
1055 2171 1120 2241 pru

138 2289 320 2389 speciebus
343 2288 514 2355 exhibitae
536 2284 694 2365 fuerunt,
723 2286 809 2351 aliae
835 2288 975 2377 sortasse
997 2287 1033 2348 in
1056 2306 1122 2371 po·

135 2431 267 2493 aterum
282 2447 345 2512 pro
362 2426 485 2492 talibus
506 2423 776 2492 declarabuntur.
805 2426 931 2488 Harum
950 2422 1118 2511 cognitio',

136 2578 306 2650 quatenus
323 2564 515 2649 usquedum
536 2559 831 2628 observationibus
848 2558 1013 2625 illustrata
1036 2561 1116 2639 fuit,

137 2703 335 2775 conservari
361 2676 488 2780 debet,
515 2716 554 2766 ut
580 2701 733 2787 repetitis
757 2696 1073 2781 investigationibus
1099 2718 1120 2761 a

135 2840 308 2926 primariis
333 2841 397 2905 rite
420 2838 619 2925 dijudicari,
643 2850 676 2901 et
699 2835 756 2904 vel
774 2813 888 2923 respui
906 2838 1037 2924 possint
1061 2834 1118 2902 vel

134 2978 214 3064 jure
231 2978 388 3063 specifico
403 2977 602 3059 confirmari.
672 2960 685 2973 ‘

223 3115 391 3179 Vilissima
403 3113 558 3210 prefecto
572 3112 704 3175 novitas
721 3122 771 3174 est
783 3082 1029 3204 ilxlasignoiun
1037 3129 1117 3192 per·

16 3268 26 3281 ''
135 3253 299 3330 mutatio,
322 3273 391 3337 que
404 3252 533 3338 (pausis
547 3249 675 3314 relictis
692 3246 835 3335 aliisque
853 3244 992 3326 additis)
1012 3243 1048 3306 in
1063 3242 1115 3307 lo-

35 3388 41 3397 ’
136 3412 217 3457 sum
240 3391 398 3493 iliorum,
433 3413 519 3478 quae
542 3388 591 3457 ill.
609 3387 696 3455 Psoi.
718 3391 769 3453 De
794 3381 956 3523 Gandoile
984 3381 1114 3480 primus
