<?xml version="1.0" encoding="UTF-8"?>
<!DOCTYPE html PUBLIC "-//W3C//DTD XHTML 1.0 Transitional//EN"
    "http://www.w3.org/TR/xhtml1/DTD/xhtml1-transitional.dtd">
<html xmlns="http://www.w3.org/1999/xhtml" xml:lang="en" lang="en">
 <head>
  <title>
</title>
<meta http-equiv="Content-Type" content="text/html;charset=utf-8" />
  <meta name='ocr-system' content='tesseract 3.04.00' />
  <meta name='ocr-capabilities' content='ocr_page ocr_carea ocr_par ocr_line ocrx_word'/>
</head>
<body>
  <div class='ocr_page' id='page_1' title='image "./rosacearummonog00tratgoog_0238.png"; bbox 0 0 2734 4150; ppageno 0'>
   <div class='ocr_carea' id='block_1_1' title="bbox 139 313 1042 398">
    <p class='ocr_par' dir='ltr' id='par_1_1' title="bbox 139 313 1042 398">
     <span class='ocr_line' id='line_1_1' title="bbox 139 313 1042 398; baseline -0.011 -7"><span class='ocrx_word' id='word_1_1' title='bbox 139 318 468 394; x_wconf 71' lang='lat' dir='ltr'><strong>Possumus</strong></span> <span class='ocrx_word' id='word_1_2' title='bbox 489 313 840 398; x_wconf 66' lang='lat' dir='ltr'><strong>salisburgensis.</strong></span> <span class='ocrx_word' id='word_1_3' title='bbox 863 317 1042 388; x_wconf 73' lang='lat' dir='ltr'><strong>Haenle.</strong></span> 
     </span>
    </p>
   </div>
   <div class='ocr_carea' id='block_1_2' title="bbox 137 425 1267 863">
    <p class='ocr_par' dir='ltr' id='par_1_2' title="bbox 137 425 1267 863">
     <span class='ocr_line' id='line_1_2' title="bbox 137 425 1267 516; baseline -0.015 -1"><span class='ocrx_word' id='word_1_4' title='bbox 137 453 172 516; x_wconf 89' lang='lat' dir='ltr'><strong>P.</strong></span> <span class='ocrx_word' id='word_1_5' title='bbox 196 444 350 511; x_wconf 85' lang='lat' dir='ltr'><strong>caulibus</strong></span> <span class='ocrx_word' id='word_1_6' title='bbox 368 439 527 504; x_wconf 85' lang='lat' dir='ltr'><strong>flexuosis</strong></span> <span class='ocrx_word' id='word_1_7' title='bbox 551 435 851 512; x_wconf 80' lang='lat' dir='ltr'>adscendentibus,</span> <span class='ocrx_word' id='word_1_8' title='bbox 874 433 964 500; x_wconf 85' lang='lat' dir='ltr'><strong>loliis</strong></span> <span class='ocrx_word' id='word_1_9' title='bbox 987 435 1121 502; x_wconf 84' lang='lat' dir='ltr'><strong>radica·</strong></span> <span class='ocrx_word' id='word_1_10' title='bbox 1189 454 1196 464; x_wconf 85' lang='grc'>’</span> <span class='ocrx_word' id='word_1_11' title='bbox 1235 425 1267 464; x_wconf 74' lang='lat'><strong>‘&#39;</strong></span> 
     </span>
     <span class='ocr_line' id='line_1_3' title="bbox 180 520 1121 610; baseline -0.012 -14"><span class='ocrx_word' id='word_1_12' title='bbox 180 531 271 596; x_wconf 88' lang='lat' dir='ltr'><strong>libus</strong></span> <span class='ocrx_word' id='word_1_13' title='bbox 291 527 483 610; x_wconf 86' lang='lat' dir='ltr'><strong>infimisque</strong></span> <span class='ocrx_word' id='word_1_14' title='bbox 502 522 721 600; x_wconf 83' lang='lat' dir='ltr'><strong>subrutundis</strong></span> <span class='ocrx_word' id='word_1_15' title='bbox 738 520 896 606; x_wconf 78' lang='lat' dir='ltr'><strong>quinatis,</strong></span> <span class='ocrx_word' id='word_1_16' title='bbox 916 520 1041 584; x_wconf 81' lang='lat' dir='ltr'><strong>foliolis</strong></span> <span class='ocrx_word' id='word_1_17' title='bbox 1062 543 1121 585; x_wconf 91' lang='lat' dir='ltr'><strong>cu-</strong></span> 
     </span>
     <span class='ocr_line' id='line_1_4' title="bbox 180 602 1120 697; baseline -0.012 -16"><span class='ocrx_word' id='word_1_18' title='bbox 180 618 290 681; x_wconf 87' lang='lat' dir='ltr'><strong>neatis</strong></span> <span class='ocrx_word' id='word_1_19' title='bbox 318 612 414 697; x_wconf 81' lang='lat' dir='ltr'><strong>apice</strong></span> <span class='ocrx_word' id='word_1_20' title='bbox 433 602 580 672; x_wconf 79' lang='lat' dir='ltr'><strong>dilatatis</strong></span> <span class='ocrx_word' id='word_1_21' title='bbox 600 603 795 670; x_wconf 76' lang='lat' dir='ltr'><strong>rotundatis</strong></span> <span class='ocrx_word' id='word_1_22' title='bbox 813 606 1120 684; x_wconf 79' lang='lat' dir='ltr'><strong>inciso-creuetis,</strong></span> 
     </span>
     <span class='ocr_line' id='line_1_5' title="bbox 179 673 1120 788; baseline -0.011 -25"><span class='ocrx_word' id='word_1_23' title='bbox 179 703 258 788; x_wconf 79' lang='lat' dir='ltr'><strong>pius</strong></span> <span class='ocrx_word' id='word_1_24' title='bbox 276 701 388 762; x_wconf 89' lang='lat' dir='ltr'><strong>minus</strong></span> <span class='ocrx_word' id='word_1_25' title='bbox 405 692 673 780; x_wconf 75' lang='lat' dir='ltr'><strong>pubescentibus</strong></span> <span class='ocrx_word' id='word_1_26' title='bbox 691 691 747 756; x_wconf 90' lang='lat' dir='ltr'><strong>vel</strong></span> <span class='ocrx_word' id='word_1_27' title='bbox 764 673 976 770; x_wconf 76' lang='lat' dir='ltr'><strong>tomentosss,</strong></span> <span class='ocrx_word' id='word_1_28' title='bbox 999 682 1120 776; x_wconf 77' lang='lat' dir='ltr'><strong>petalis</strong></span> 
     </span>
     <span class='ocr_line' id='line_1_6' title="bbox 180 775 810 863; baseline -0.016 -13"><span class='ocrx_word' id='word_1_29' title='bbox 180 783 396 860; x_wconf 82' lang='lat' dir='ltr'><strong>ebcordatis,</strong></span> <span class='ocrx_word' id='word_1_30' title='bbox 420 780 537 863; x_wconf 80' lang='lat' dir='ltr'><strong>calyce</strong></span> <span class='ocrx_word' id='word_1_31' title='bbox 553 775 751 863; x_wconf 81' lang='lat' dir='ltr'><strong>majoribus.</strong></span> <span class='ocrx_word' id='word_1_32' title='bbox 775 779 810 840; x_wconf 87' lang='lat' dir='ltr'><strong>T.</strong></span> 
     </span>
    </p>
   </div>
   <div class='ocr_carea' id='block_1_3' title="bbox 58 903 1120 1129">
    <p class='ocr_par' dir='ltr' id='par_1_3' title="bbox 58 903 1120 1129">
     <span class='ocr_line' id='line_1_7' title="bbox 58 903 1120 990; baseline -0.015 -12"><span class='ocrx_word' id='word_1_33' title='bbox 58 945 73 962; x_wconf 84' lang='lat'><strong>.</strong></span> <span class='ocrx_word' id='word_1_34' title='bbox 138 907 318 977; x_wconf 86' lang='lat' dir='ltr'><strong>Potentilla</strong></span> <span class='ocrx_word' id='word_1_35' title='bbox 340 903 610 990; x_wconf 82' lang='lat' dir='ltr'><strong>salisburgensis.</strong></span> <span class='ocrx_word' id='word_1_36' title='bbox 632 915 750 968; x_wconf 74' lang='lat' dir='ltr'><strong>nasute.</strong></span> <span class='ocrx_word' id='word_1_37' title='bbox 776 916 806 967; x_wconf 81' lang='lat' dir='ltr'><strong>in</strong></span> <span class='ocrx_word' id='word_1_38' title='bbox 829 916 879 967; x_wconf 78' lang='lat' dir='ltr'><strong>Jae</strong></span> <span class='ocrx_word' id='word_1_39' title='bbox 901 953 907 964; x_wconf 95' lang='lat'><strong>.</strong></span> <span class='ocrx_word' id='word_1_40' title='bbox 928 911 999 967; x_wconf 87' lang='lat' dir='ltr'><strong>coll.</strong></span> <span class='ocrx_word' id='word_1_41' title='bbox 1017 913 1053 969; x_wconf 84' lang='lat'><strong>11.</strong></span> <span class='ocrx_word' id='word_1_42' title='bbox 1076 913 1120 968; x_wconf 86' lang='grc'><strong>66.</strong></span> 
     </span>
     <span class='ocr_line' id='line_1_8' title="bbox 172 982 1119 1062; baseline -0.016 -13"><span class='ocrx_word' id='word_1_43' title='bbox 172 999 221 1049; x_wconf 80' lang='lat' dir='ltr'><strong>Jac</strong></span> <span class='ocrx_word' id='word_1_44' title='bbox 243 1035 250 1046; x_wconf 93' lang='lat'><strong>.</strong></span> <span class='ocrx_word' id='word_1_45' title='bbox 276 997 314 1048; x_wconf 88' lang='lat' dir='ltr'><strong>Ic.</strong></span> <span class='ocrx_word' id='word_1_46' title='bbox 342 992 462 1044; x_wconf 75' lang='lat' dir='ltr'><strong>senili.</strong></span> <span class='ocrx_word' id='word_1_47' title='bbox 489 1011 517 1062; x_wconf 93' lang='lat' dir='ltr'><strong>p.</strong></span> <span class='ocrx_word' id='word_1_48' title='bbox 544 992 570 1044; x_wconf 81' lang='lat'><strong>6.</strong></span> <span class='ocrx_word' id='word_1_49' title='bbox 596 987 651 1040; x_wconf 75' lang='lat' dir='ltr'><strong>tub.</strong></span> <span class='ocrx_word' id='word_1_50' title='bbox 671 997 732 1062; x_wconf 63' lang='lat'><strong>⁴9⁰·</strong></span> <span class='ocrx_word' id='word_1_51' title='bbox 765 987 858 1040; x_wconf 88' lang='lat' dir='ltr'><strong>Sturm</strong></span> <span class='ocrx_word' id='word_1_52' title='bbox 905 983 1018 1037; x_wconf 79' lang='lat' dir='ltr'><strong>entechl.</strong></span> <span class='ocrx_word' id='word_1_53' title='bbox 1039 982 1079 1035; x_wconf 73' lang='lat' dir='ltr'><strong>ul.</strong></span> <span class='ocrx_word' id='word_1_54' title='bbox 1096 985 1119 1035; x_wconf 90' lang='lat'><strong>1.</strong></span> 
     </span>
     <span class='ocr_line' id='line_1_9' title="bbox 172 1055 1119 1129; baseline -0.013 -10"><span class='ocrx_word' id='word_1_55' title='bbox 172 1067 214 1119; x_wconf 79' lang='lat' dir='ltr'><strong>Ab</strong></span> <span class='ocrx_word' id='word_1_56' title='bbox 247 1065 291 1116; x_wconf 85' lang='lat' dir='ltr'><strong>eil.</strong></span> <span class='ocrx_word' id='word_1_57' title='bbox 310 1069 327 1118; x_wconf 79' lang='lat'>5</span> <span class='ocrx_word' id='word_1_58' title='bbox 345 1062 396 1116; x_wconf 79' lang='lat' dir='ltr'><strong>ud.</strong></span> <span class='ocrx_word' id='word_1_59' title='bbox 419 1059 523 1114; x_wconf 79' lang='lat' dir='ltr'><strong>liranus</strong></span> <span class='ocrx_word' id='word_1_60' title='bbox 542 1061 585 1117; x_wconf 86' lang='lat' dir='ltr'><strong>Fl.</strong></span> <span class='ocrx_word' id='word_1_61' title='bbox 602 1057 696 1113; x_wconf 84' lang='lat' dir='ltr'><strong>sslisb.</strong></span> <span class='ocrx_word' id='word_1_62' title='bbox 717 1058 815 1129; x_wconf 83' lang='lat' dir='ltr'><strong>11.7tt.</strong></span> <span class='ocrx_word' id='word_1_63' title='bbox 842 1055 970 1110; x_wconf 84' lang='lat' dir='ltr'><strong>Sebultes</strong></span> <span class='ocrx_word' id='word_1_64' title='bbox 994 1056 1119 1110; x_wconf 86' lang='lat' dir='ltr'><strong>Oesterr.</strong></span> 
     </span>
    </p>
   </div>
   <div class='ocr_carea' id='block_1_4' title="bbox 138 1133 1005 1291">
    <p class='ocr_par' dir='ltr' id='par_1_4' title="bbox 138 1133 1005 1291">
     <span class='ocr_line' id='line_1_10' title="bbox 138 1133 1005 1291; baseline -0.009 -13"><span class='ocrx_word' id='word_1_65' title='bbox 138 1136 322 1278; x_wconf 56' lang='lat' dir='ltr'><strong>Pdlledtllld</strong></span> <span class='ocrx_word' id='word_1_66' title='bbox 340 1133 473 1271; x_wconf 53' lang='lat' dir='ltr'><strong>dloltqea.</strong></span> <span class='ocrx_word' id='word_1_67' title='bbox 495 1216 643 1273; x_wconf 75' lang='lat' dir='ltr'><strong>Lehmann.</strong></span> <span class='ocrx_word' id='word_1_68' title='bbox 657 1189 766 1272; x_wconf 80' lang='lat' dir='ltr'><strong>Petent.</strong></span> <span class='ocrx_word' id='word_1_69' title='bbox 783 1237 811 1291; x_wconf 87' lang='lat' dir='ltr'><strong>p.</strong></span> <span class='ocrx_word' id='word_1_70' title='bbox 827 1205 885 1286; x_wconf 63' lang='lat' dir='ltr'><strong>ui.</strong></span> <span class='ocrx_word' id='word_1_71' title='bbox 901 1233 945 1268; x_wconf 85' lang='lat' dir='ltr'><strong>ne.</strong></span> <span class='ocrx_word' id='word_1_72' title='bbox 961 1214 1005 1276; x_wconf 67' lang='lat'><strong>46.</strong></span> 
     </span>
    </p>
   </div>
   <div class='ocr_carea' id='block_1_5' title="bbox 139 1293 1218 1378">
    <p class='ocr_par' dir='ltr' id='par_1_5' title="bbox 139 1293 1218 1378">
     <span class='ocr_line' id='line_1_11' title="bbox 139 1293 1218 1378; baseline -0.005 -14"><span class='ocrx_word' id='word_1_73' title='bbox 139 1296 318 1364; x_wconf 89' lang='lat' dir='ltr'><strong>Potentilla</strong></span> <span class='ocrx_word' id='word_1_74' title='bbox 337 1293 514 1357; x_wconf 85' lang='lat' dir='ltr'><strong>fililormis.</strong></span> <span class='ocrx_word' id='word_1_75' title='bbox 536 1304 845 1378; x_wconf 75' lang='lat' dir='ltr'><strong>Vill.Fl.detpb.111.</strong></span> <span class='ocrx_word' id='word_1_76' title='bbox 867 1306 927 1366; x_wconf 76' lang='grc'><strong>664.</strong></span> <span class='ocrx_word' id='word_1_77' title='bbox 965 1304 1007 1359; x_wconf 85' lang='lat' dir='ltr'><strong>De</strong></span> <span class='ocrx_word' id='word_1_78' title='bbox 1034 1301 1121 1359; x_wconf 76' lang='lat' dir='ltr'><strong>caud.</strong></span> <span class='ocrx_word' id='word_1_79' title='bbox 1216 1339 1218 1342; x_wconf 93' lang='lat'>-</span> 
     </span>
    </p>
   </div>
   <div class='ocr_carea' id='block_1_6' title="bbox 139 1386 872 1556">
    <p class='ocr_par' dir='ltr' id='par_1_6' title="bbox 139 1386 872 1556">
     <span class='ocr_line' id='line_1_12' title="bbox 174 1386 626 1472; baseline -0.009 -18"><span class='ocrx_word' id='word_1_80' title='bbox 174 1402 215 1454; x_wconf 82' lang='lat' dir='ltr'><strong>Fl.</strong></span> <span class='ocrx_word' id='word_1_81' title='bbox 234 1404 318 1472; x_wconf 72' lang='lat' dir='ltr'><strong>irang.</strong></span> <span class='ocrx_word' id='word_1_82' title='bbox 336 1399 384 1454; x_wconf 82' lang='lat' dir='ltr'><strong>Vl.</strong></span> <span class='ocrx_word' id='word_1_83' title='bbox 404 1402 466 1458; x_wconf 66' lang='lat'><strong>542.</strong></span> <span class='ocrx_word' id='word_1_84' title='bbox 483 1413 519 1448; x_wconf 88' lang='lat' dir='ltr'><strong>nc</strong></span> <span class='ocrx_word' id='word_1_85' title='bbox 537 1386 626 1466; x_wconf 60' lang='grc'>3741..</span> 
     </span>
     <span class='ocr_line' id='line_1_13' title="bbox 139 1469 872 1556; baseline -0.011 -14"><span class='ocrx_word' id='word_1_86' title='bbox 139 1473 322 1542; x_wconf 83' lang='lat' dir='ltr'><strong>Potentilla</strong></span> <span class='ocrx_word' id='word_1_87' title='bbox 341 1469 572 1535; x_wconf 83' lang='lat' dir='ltr'><strong>rotundilolie.</strong></span> <span class='ocrx_word' id='word_1_88' title='bbox 595 1482 661 1542; x_wconf 78' lang='lat' dir='ltr'><strong>vin</strong></span> <span class='ocrx_word' id='word_1_89' title='bbox 679 1485 700 1537; x_wconf 89' lang='lat' dir='ltr'><strong>l.</strong></span> <span class='ocrx_word' id='word_1_90' title='bbox 720 1502 743 1536; x_wconf 84' lang='lat' dir='ltr'><strong>e.</strong></span> <span class='ocrx_word' id='word_1_91' title='bbox 762 1504 791 1556; x_wconf 84' lang='lat' dir='ltr'><strong>p.</strong></span> <span class='ocrx_word' id='word_1_92' title='bbox 805 1478 872 1538; x_wconf 73' lang='grc'><strong>666.</strong></span> 
     </span>
    </p>
   </div>
   <div class='ocr_carea' id='block_1_7' title="bbox 138 1559 1122 1780">
    <p class='ocr_par' dir='ltr' id='par_1_7' title="bbox 138 1559 1122 1780">
     <span class='ocr_line' id='line_1_14' title="bbox 138 1559 1122 1644; baseline -0.008 -15"><span class='ocrx_word' id='word_1_93' title='bbox 138 1559 321 1629; x_wconf 83' lang='lat' dir='ltr'><strong>Potentilla</strong></span> <span class='ocrx_word' id='word_1_94' title='bbox 341 1561 532 1643; x_wconf 78' lang='lat' dir='ltr'><strong>pyrenaica.</strong></span> <span class='ocrx_word' id='word_1_95' title='bbox 555 1574 629 1631; x_wconf 84' lang='lat' dir='ltr'><strong>Poir.</strong></span> <span class='ocrx_word' id='word_1_96' title='bbox 645 1571 712 1626; x_wconf 83' lang='lat' dir='ltr'><strong>Eue.</strong></span> <span class='ocrx_word' id='word_1_97' title='bbox 729 1570 967 1644; x_wconf 73' lang='lat' dir='ltr'><strong>sspp1.1v.⁵s9.</strong></span> <span class='ocrx_word' id='word_1_98' title='bbox 983 1570 1025 1624; x_wconf 89' lang='lat' dir='ltr'><strong>De</strong></span> <span class='ocrx_word' id='word_1_99' title='bbox 1035 1567 1122 1624; x_wconf 82' lang='lat' dir='ltr'><strong>Csud.</strong></span> 
     </span>
     <span class='ocr_line' id='line_1_15' title="bbox 176 1645 745 1780; baseline -0.007 -80"><span class='ocrx_word' id='word_1_100' title='bbox 176 1648 218 1704; x_wconf 81' lang='lat' dir='ltr'><strong>Ft.</strong></span> <span class='ocrx_word' id='word_1_101' title='bbox 232 1648 316 1717; x_wconf 68' lang='lat' dir='ltr'><strong>franc.</strong></span> <span class='ocrx_word' id='word_1_102' title='bbox 329 1645 383 1780; x_wconf 52' lang='grc' dir='ltr'><strong>ἺἏ</strong></span> <span class='ocrx_word' id='word_1_103' title='bbox 396 1650 458 1707; x_wconf 67' lang='grc'><strong>541.</strong></span> <span class='ocrx_word' id='word_1_104' title='bbox 739 1675 745 1686; x_wconf 83' lang='grc'><em>·</em></span> 
     </span>
    </p>
   </div>
   <div class='ocr_carea' id='block_1_8' title="bbox 139 1719 937 1896">
    <p class='ocr_par' dir='ltr' id='par_1_8' title="bbox 139 1719 937 1896">
     <span class='ocr_line' id='line_1_16' title="bbox 139 1719 897 1806; baseline 0.005 -20"><span class='ocrx_word' id='word_1_105' title='bbox 139 1720 320 1786; x_wconf 88' lang='lat' dir='ltr'><strong>Potentilla</strong></span> <span class='ocrx_word' id='word_1_106' title='bbox 340 1740 359 1781; x_wconf 79' lang='lat' dir='ltr'>a</span> <span class='ocrx_word' id='word_1_107' title='bbox 385 1719 563 1782; x_wconf 85' lang='lat' dir='ltr'><strong>scendens.</strong></span> <span class='ocrx_word' id='word_1_108' title='bbox 585 1733 702 1804; x_wconf 78' lang='lat' dir='ltr'><strong>Lapeyr.</strong></span> <span class='ocrx_word' id='word_1_109' title='bbox 716 1732 743 1790; x_wconf 89' lang='lat' dir='ltr'><strong>ss.</strong></span> <span class='ocrx_word' id='word_1_110' title='bbox 760 1752 819 1806; x_wconf 82' lang='lat' dir='ltr'><strong>pyr.</strong></span> <span class='ocrx_word' id='word_1_111' title='bbox 835 1747 897 1806; x_wconf 80' lang='lat'><strong>²9⁰·</strong></span> 
     </span>
     <span class='ocr_line' id='line_1_17' title="bbox 139 1807 937 1896; baseline 0.005 -22"><span class='ocrx_word' id='word_1_112' title='bbox 139 1807 318 1874; x_wconf 85' lang='lat' dir='ltr'><strong>Potentilla</strong></span> <span class='ocrx_word' id='word_1_113' title='bbox 339 1828 455 1872; x_wconf 79' lang='lat' dir='ltr'><strong>verna.</strong></span> <span class='ocrx_word' id='word_1_114' title='bbox 478 1829 548 1886; x_wconf 59' lang='lat' dir='ltr'><strong>var,</strong></span> <span class='ocrx_word' id='word_1_115' title='bbox 570 1838 595 1888; x_wconf 80' lang='grc' dir='ltr'><strong>γ.</strong></span> <span class='ocrx_word' id='word_1_116' title='bbox 618 1819 707 1874; x_wconf 83' lang='lat' dir='ltr'><strong>Nestl.</strong></span> <span class='ocrx_word' id='word_1_117' title='bbox 723 1823 833 1878; x_wconf 83' lang='lat' dir='ltr'><strong>Potent.</strong></span> <span class='ocrx_word' id='word_1_118' title='bbox 848 1843 875 1896; x_wconf 91' lang='lat' dir='ltr'><strong>p.</strong></span> <span class='ocrx_word' id='word_1_119' title='bbox 891 1824 937 1879; x_wconf 78' lang='lat'><strong>52.</strong></span> 
     </span>
    </p>
   </div>
   <div class='ocr_carea' id='block_1_9' title="bbox 238 1925 1122 2000">
    <p class='ocr_par' dir='ltr' id='par_1_9' title="bbox 238 1925 1122 2000">
     <span class='ocr_line' id='line_1_18' title="bbox 238 1925 1122 2000; baseline -0.007 -18"><span class='ocrx_word' id='word_1_120' title='bbox 238 1928 337 1982; x_wconf 86' lang='lat' dir='ltr'><strong>Caules</strong></span> <span class='ocrx_word' id='word_1_121' title='bbox 357 1947 388 1980; x_wconf 78' lang='lat' dir='ltr'><strong>ex</strong></span> <span class='ocrx_word' id='word_1_122' title='bbox 407 1929 501 1981; x_wconf 85' lang='lat' dir='ltr'><strong>eadem</strong></span> <span class='ocrx_word' id='word_1_123' title='bbox 519 1925 611 1980; x_wconf 80' lang='lat' dir='ltr'><strong>radice</strong></span> <span class='ocrx_word' id='word_1_124' title='bbox 628 1926 721 2000; x_wconf 85' lang='lat' dir='ltr'><strong>plures</strong></span> <span class='ocrx_word' id='word_1_125' title='bbox 739 1928 871 1990; x_wconf 73' lang='lat' dir='ltr'>unciales,</span> <span class='ocrx_word' id='word_1_126' title='bbox 888 1925 1022 1998; x_wconf 74' lang='lat' dir='ltr'><strong>digitales,</strong></span> <span class='ocrx_word' id='word_1_127' title='bbox 1041 1927 1122 1977; x_wconf 87' lang='lat' dir='ltr'><strong>semi·</strong></span> 
     </span>
    </p>
   </div>
   <div class='ocr_carea' id='block_1_10' title="bbox 138 1997 1242 2071">
    <p class='ocr_par' dir='ltr' id='par_1_10' title="bbox 138 1997 1242 2071">
     <span class='ocr_line' id='line_1_19' title="bbox 138 1997 1242 2071; baseline -0.005 -19"><span class='ocrx_word' id='word_1_128' title='bbox 138 1999 264 2071; x_wconf 85' lang='lat' dir='ltr'><strong>pedules,</strong></span> <span class='ocrx_word' id='word_1_129' title='bbox 283 2008 311 2052; x_wconf 87' lang='lat' dir='ltr'><strong>et</strong></span> <span class='ocrx_word' id='word_1_130' title='bbox 327 1998 414 2062; x_wconf 80' lang='lat' dir='ltr'><strong>ultra,</strong></span> <span class='ocrx_word' id='word_1_131' title='bbox 433 1998 479 2051; x_wconf 81' lang='lat' dir='ltr'><strong>ulii</strong></span> <span class='ocrx_word' id='word_1_132' title='bbox 497 1999 706 2062; x_wconf 71' lang='lat' dir='ltr'>decumbentes,</span> <span class='ocrx_word' id='word_1_133' title='bbox 726 1999 770 2052; x_wconf 82' lang='lat' dir='ltr'><strong>alii</strong></span> <span class='ocrx_word' id='word_1_134' title='bbox 791 2001 875 2053; x_wconf 85' lang='lat' dir='ltr'><strong>erecti</strong></span> <span class='ocrx_word' id='word_1_135' title='bbox 893 1999 935 2054; x_wconf 87' lang='lat' dir='ltr'><strong>vel</strong></span> <span class='ocrx_word' id='word_1_136' title='bbox 954 1997 1123 2052; x_wconf 86' lang='lat' dir='ltr'><strong>adscendeu-</strong></span> <span class='ocrx_word' id='word_1_137' title='bbox 1236 1997 1242 2010; x_wconf 81' lang='lat'>&#39;</span> 
     </span>
    </p>
   </div>
   <div class='ocr_carea' id='block_1_11' title="bbox 138 2066 1204 2783">
    <p class='ocr_par' dir='ltr' id='par_1_11' title="bbox 138 2066 1204 2783">
     <span class='ocr_line' id='line_1_20' title="bbox 138 2066 1122 2145; baseline -0.004 -20"><span class='ocrx_word' id='word_1_138' title='bbox 138 2083 191 2132; x_wconf 83' lang='lat' dir='ltr'><strong>tes,</strong></span> <span class='ocrx_word' id='word_1_139' title='bbox 210 2071 273 2145; x_wconf 90' lang='lat' dir='ltr'><strong>plus</strong></span> <span class='ocrx_word' id='word_1_140' title='bbox 292 2073 382 2124; x_wconf 86' lang='lat' dir='ltr'><strong>minus</strong></span> <span class='ocrx_word' id='word_1_141' title='bbox 403 2070 531 2141; x_wconf 83' lang='lat' dir='ltr'><strong>llexnosi,</strong></span> <span class='ocrx_word' id='word_1_142' title='bbox 550 2070 690 2143; x_wconf 70' lang='lat' dir='ltr'><strong>simplices</strong></span> <span class='ocrx_word' id='word_1_143' title='bbox 707 2071 750 2125; x_wconf 78' lang='lat' dir='ltr'><strong>vel</strong></span> <span class='ocrx_word' id='word_1_144' title='bbox 774 2075 852 2143; x_wconf 88' lang='lat' dir='ltr'><strong>apice</strong></span> <span class='ocrx_word' id='word_1_145' title='bbox 873 2070 1041 2132; x_wconf 82' lang='lat' dir='ltr'><strong>subrsmosi,</strong></span> <span class='ocrx_word' id='word_1_146' title='bbox 1060 2066 1122 2140; x_wconf 87' lang='lat' dir='ltr'><strong>plus</strong></span> 
     </span>
     <span class='ocr_line' id='line_1_21' title="bbox 138 2140 1123 2214; baseline -0.008 -18"><span class='ocrx_word' id='word_1_147' title='bbox 138 2145 231 2197; x_wconf 88' lang='lat' dir='ltr'><strong>minus</strong></span> <span class='ocrx_word' id='word_1_148' title='bbox 250 2142 432 2214; x_wconf 71' lang='lat' dir='ltr'><strong>pubescentes</strong></span> <span class='ocrx_word' id='word_1_149' title='bbox 450 2142 493 2194; x_wconf 88' lang='lat' dir='ltr'><strong>vel</strong></span> <span class='ocrx_word' id='word_1_150' title='bbox 512 2140 610 2199; x_wconf 75' lang='lat' dir='ltr'><strong>villosi.</strong></span> <span class='ocrx_word' id='word_1_151' title='bbox 634 2142 711 2195; x_wconf 75' lang='lat' dir='ltr'><strong>Folia</strong></span> <span class='ocrx_word' id='word_1_152' title='bbox 732 2141 859 2196; x_wconf 86' lang='lat' dir='ltr'><strong>radicalia</strong></span> <span class='ocrx_word' id='word_1_153' title='bbox 877 2142 939 2214; x_wconf 90' lang='lat' dir='ltr'><strong>plns</strong></span> <span class='ocrx_word' id='word_1_154' title='bbox 957 2142 1046 2193; x_wconf 89' lang='lat' dir='ltr'><strong>minus</strong></span> <span class='ocrx_word' id='word_1_155' title='bbox 1062 2142 1123 2192; x_wconf 90' lang='lat' dir='ltr'><strong>lon·</strong></span> 
     </span>
     <span class='ocr_line' id='line_1_22' title="bbox 139 2210 1123 2287; baseline -0.004 -23"><span class='ocrx_word' id='word_1_156' title='bbox 139 2234 173 2285; x_wconf 85' lang='lat' dir='ltr'><strong>ge</strong></span> <span class='ocrx_word' id='word_1_157' title='bbox 191 2214 333 2287; x_wconf 82' lang='lat' dir='ltr'><strong>petiolute,</strong></span> <span class='ocrx_word' id='word_1_158' title='bbox 353 2212 429 2267; x_wconf 86' lang='lat' dir='ltr'><strong>caule</strong></span> <span class='ocrx_word' id='word_1_159' title='bbox 448 2230 555 2283; x_wconf 82' lang='lat' dir='ltr'><strong>semper</strong></span> <span class='ocrx_word' id='word_1_160' title='bbox 571 2212 703 2274; x_wconf 79' lang='lat' dir='ltr'><strong>breviora,</strong></span> <span class='ocrx_word' id='word_1_161' title='bbox 723 2214 842 2285; x_wconf 85' lang='lat' dir='ltr'><strong>quinats,</strong></span> <span class='ocrx_word' id='word_1_162' title='bbox 862 2212 966 2265; x_wconf 79' lang='lat' dir='ltr'><strong>eaulins</strong></span> <span class='ocrx_word' id='word_1_163' title='bbox 986 2210 1123 2271; x_wconf 79' lang='lat' dir='ltr'><strong>distentia,</strong></span> 
     </span>
     <span class='ocr_line' id='line_1_23' title="bbox 139 2282 1124 2353; baseline -0.008 -15"><span class='ocrx_word' id='word_1_164' title='bbox 139 2295 252 2352; x_wconf 72' lang='lat' dir='ltr'><strong>temate,</strong></span> <span class='ocrx_word' id='word_1_165' title='bbox 272 2283 440 2347; x_wconf 82' lang='lat' dir='ltr'><strong>subsessilis,</strong></span> <span class='ocrx_word' id='word_1_166' title='bbox 458 2303 561 2337; x_wconf 77' lang='lat' dir='ltr'><strong>summu</strong></span> <span class='ocrx_word' id='word_1_167' title='bbox 580 2283 724 2353; x_wconf 85' lang='lat' dir='ltr'><strong>simplicis.</strong></span> <span class='ocrx_word' id='word_1_168' title='bbox 750 2283 854 2338; x_wconf 81' lang='lat' dir='ltr'><strong>Foliola</strong></span> <span class='ocrx_word' id='word_1_169' title='bbox 874 2282 1048 2346; x_wconf 85' lang='lat' dir='ltr'><strong>subsessilia,</strong></span> <span class='ocrx_word' id='word_1_170' title='bbox 1076 2299 1124 2332; x_wconf 88' lang='lat' dir='ltr'><strong>cu-</strong></span> 
     </span>
     <span class='ocr_line' id='line_1_24' title="bbox 138 2352 1124 2418; baseline -0.005 -10"><span class='ocrx_word' id='word_1_171' title='bbox 138 2358 289 2415; x_wconf 81' lang='lat' dir='ltr'><strong>neilermia,</strong></span> <span class='ocrx_word' id='word_1_172' title='bbox 308 2357 398 2407; x_wconf 87' lang='lat' dir='ltr'><strong>antice</strong></span> <span class='ocrx_word' id='word_1_173' title='bbox 417 2356 568 2417; x_wconf 70' lang='lat' dir='ltr'><strong>rotundatu,</strong></span> <span class='ocrx_word' id='word_1_174' title='bbox 587 2356 674 2407; x_wconf 82' lang='lat' dir='ltr'><strong>incisa</strong></span> <span class='ocrx_word' id='word_1_175' title='bbox 692 2354 733 2409; x_wconf 87' lang='lat' dir='ltr'><strong>vel</strong></span> <span class='ocrx_word' id='word_1_176' title='bbox 752 2366 876 2418; x_wconf 85' lang='lat' dir='ltr'><strong>crenata,</strong></span> <span class='ocrx_word' id='word_1_177' title='bbox 896 2354 1024 2407; x_wconf 78' lang='lat' dir='ltr'><strong>dentibus</strong></span> <span class='ocrx_word' id='word_1_178' title='bbox 1041 2352 1124 2405; x_wconf 87' lang='lat' dir='ltr'><strong>obtu-</strong></span> 
     </span>
     <span class='ocr_line' id='line_1_25' title="bbox 139 2423 1124 2499; baseline -0.004 -21"><span class='ocrx_word' id='word_1_179' title='bbox 139 2428 187 2488; x_wconf 88' lang='lat' dir='ltr'><strong>sis,</strong></span> <span class='ocrx_word' id='word_1_180' title='bbox 204 2428 343 2499; x_wconf 85' lang='lat' dir='ltr'><strong>utrinque,</strong></span> <span class='ocrx_word' id='word_1_181' title='bbox 361 2425 458 2479; x_wconf 81' lang='lat' dir='ltr'><strong>subtus</strong></span> <span class='ocrx_word' id='word_1_182' title='bbox 478 2435 566 2478; x_wconf 81' lang='lat' dir='ltr'><strong>tamen</strong></span> <span class='ocrx_word' id='word_1_183' title='bbox 585 2427 668 2496; x_wconf 76' lang='lat' dir='ltr'><strong>magis</strong></span> <span class='ocrx_word' id='word_1_184' title='bbox 688 2425 865 2497; x_wconf 82' lang='lat' dir='ltr'><strong>pubescentis</strong></span> <span class='ocrx_word' id='word_1_185' title='bbox 884 2426 927 2479; x_wconf 83' lang='lat' dir='ltr'><strong>vel</strong></span> <span class='ocrx_word' id='word_1_186' title='bbox 945 2426 1057 2488; x_wconf 80' lang='lat' dir='ltr'><strong>villose,</strong></span> <span class='ocrx_word' id='word_1_187' title='bbox 1081 2423 1124 2475; x_wconf 89' lang='lat' dir='ltr'><strong>di·</strong></span> 
     </span>
     <span class='ocr_line' id='line_1_26' title="bbox 138 2496 1124 2568; baseline -0.004 -18"><span class='ocrx_word' id='word_1_188' title='bbox 138 2497 197 2551; x_wconf 88' lang='lat' dir='ltr'><strong>lute</strong></span> <span class='ocrx_word' id='word_1_189' title='bbox 215 2497 509 2559; x_wconf 74' lang='lat' dir='ltr'><strong>virentia„directione</strong></span> <span class='ocrx_word' id='word_1_190' title='bbox 528 2496 666 2549; x_wconf 87' lang='lat' dir='ltr'><strong>llubellum</strong></span> <span class='ocrx_word' id='word_1_191' title='bbox 684 2500 713 2549; x_wconf 90' lang='lat' dir='ltr'><strong>in</strong></span> <span class='ocrx_word' id='word_1_192' title='bbox 732 2499 863 2549; x_wconf 80' lang='lat' dir='ltr'><strong>circulum</strong></span> <span class='ocrx_word' id='word_1_193' title='bbox 882 2515 1029 2568; x_wconf 79' lang='lat' dir='ltr'><strong>expansum</strong></span> <span class='ocrx_word' id='word_1_194' title='bbox 1055 2496 1124 2547; x_wconf 80' lang='lat' dir='ltr'><strong>rele-</strong></span> 
     </span>
     <span class='ocr_line' id='line_1_27' title="bbox 140 2563 1204 2641; baseline -0.002 -22"><span class='ocrx_word' id='word_1_195' title='bbox 140 2571 236 2629; x_wconf 84' lang='lat' dir='ltr'><strong>rentis,</strong></span> <span class='ocrx_word' id='word_1_196' title='bbox 252 2563 405 2620; x_wconf 67' lang='lat' dir='ltr'><strong>s‘ubeveniu.</strong></span> <span class='ocrx_word' id='word_1_197' title='bbox 436 2568 560 2639; x_wconf 82' lang='lat' dir='ltr'><strong>Stipulse</strong></span> <span class='ocrx_word' id='word_1_198' title='bbox 576 2585 695 2639; x_wconf 85' lang='lat' dir='ltr'><strong>magnae,</strong></span> <span class='ocrx_word' id='word_1_199' title='bbox 715 2566 984 2634; x_wconf 78' lang='lat' dir='ltr'><strong>ovato-lanceols&#39;tee,</strong></span> <span class='ocrx_word' id='word_1_200' title='bbox 1005 2566 1127 2641; x_wconf 78' lang='lat' dir='ltr'><strong>plerum·</strong></span> <span class='ocrx_word' id='word_1_201' title='bbox 1202 2604 1204 2609; x_wconf 84' lang='lat'><em>-</em></span> 
     </span>
     <span class='ocr_line' id='line_1_28' title="bbox 139 2639 1125 2710; baseline -0.002 -20"><span class='ocrx_word' id='word_1_202' title='bbox 139 2658 192 2710; x_wconf 86' lang='lat' dir='ltr'><strong>que</strong></span> <span class='ocrx_word' id='word_1_203' title='bbox 218 2640 416 2709; x_wconf 80' lang='lat' dir='ltr'><strong>integerrimae.</strong></span> <span class='ocrx_word' id='word_1_204' title='bbox 455 2640 547 2693; x_wconf 78' lang='lat' dir='ltr'><strong>Florus</strong></span> <span class='ocrx_word' id='word_1_205' title='bbox 577 2640 605 2689; x_wconf 89' lang='lat' dir='ltr'><strong>in</strong></span> <span class='ocrx_word' id='word_1_206' title='bbox 623 2640 778 2692; x_wconf 76' lang='lat' dir='ltr'><strong>summitate</strong></span> <span class='ocrx_word' id='word_1_207' title='bbox 798 2641 881 2693; x_wconf 87' lang='lat' dir='ltr'><strong>esulis</strong></span> <span class='ocrx_word' id='word_1_208' title='bbox 900 2640 942 2693; x_wconf 86' lang='lat' dir='ltr'><strong>vel</strong></span> <span class='ocrx_word' id='word_1_209' title='bbox 962 2639 1125 2692; x_wconf 76' lang='lat' dir='ltr'><strong>ramulorum</strong></span> 
     </span>
     <span class='ocr_line' id='line_1_29' title="bbox 139 2708 1124 2783; baseline -0.001 -21"><span class='ocrx_word' id='word_1_210' title='bbox 139 2710 255 2762; x_wconf 72' lang='lat' dir='ltr'><strong>solitarii</strong></span> <span class='ocrx_word' id='word_1_211' title='bbox 282 2712 342 2763; x_wconf 81' lang='lat' dir='ltr'><strong>lass</strong></span> <span class='ocrx_word' id='word_1_212' title='bbox 367 2708 562 2781; x_wconf 85' lang='lat' dir='ltr'><strong>pedunculati,</strong></span> <span class='ocrx_word' id='word_1_213' title='bbox 579 2709 721 2779; x_wconf 84' lang='lat' dir='ltr'><strong>pedicellis</strong></span> <span class='ocrx_word' id='word_1_214' title='bbox 740 2711 934 2783; x_wconf 82' lang='lat' dir='ltr'><strong>calycibusque</strong></span> <span class='ocrx_word' id='word_1_215' title='bbox 952 2712 1124 2765; x_wconf 84' lang='lat' dir='ltr'><strong>tementosis.</strong></span> 
     </span>
    </p>
   </div>
   <div class='ocr_carea' id='block_1_12' title="bbox 140 2778 1218 2852">
    <p class='ocr_par' dir='ltr' id='par_1_12' title="bbox 140 2778 1218 2852">
     <span class='ocr_line' id='line_1_30' title="bbox 140 2778 1218 2852; baseline -0.001 -20"><span class='ocrx_word' id='word_1_216' title='bbox 140 2781 250 2849; x_wconf 77' lang='lat' dir='ltr'><strong>Calycis</strong></span> <span class='ocrx_word' id='word_1_217' title='bbox 265 2779 359 2834; x_wconf 81' lang='lat' dir='ltr'><strong>icliols</strong></span> <span class='ocrx_word' id='word_1_218' title='bbox 376 2783 505 2833; x_wconf 81' lang='lat' dir='ltr'><strong>exteriora</strong></span> <span class='ocrx_word' id='word_1_219' title='bbox 525 2780 756 2852; x_wconf 83' lang='lat' dir='ltr'><strong>lineari-elliptica</strong></span> <span class='ocrx_word' id='word_1_220' title='bbox 782 2782 901 2835; x_wconf 86' lang='lat' dir='ltr'><strong>breviora</strong></span> <span class='ocrx_word' id='word_1_221' title='bbox 921 2778 1108 2836; x_wconf 88' lang='lat' dir='ltr'><strong>obtusiuscula</strong></span> <span class='ocrx_word' id='word_1_222' title='bbox 1119 2819 1127 2844; x_wconf 89' lang='lat'><em>‚</em></span> <span class='ocrx_word' id='word_1_223' title='bbox 1216 2826 1218 2831; x_wconf 93' lang='lat'><strong>.</strong></span> 
     </span>
    </p>
   </div>
   <div class='ocr_carea' id='block_1_13' title="bbox 138 2846 1194 3497">
    <p class='ocr_par' dir='ltr' id='par_1_13' title="bbox 138 2846 1124 3066">
     <span class='ocr_line' id='line_1_31' title="bbox 138 2846 1124 2923; baseline 0.001 -21"><span class='ocrx_word' id='word_1_224' title='bbox 138 2852 301 2922; x_wconf 87' lang='lat' dir='ltr'><strong>plerumque</strong></span> <span class='ocrx_word' id='word_1_225' title='bbox 321 2851 442 2904; x_wconf 78' lang='lat' dir='ltr'><strong>dolorats</strong></span> <span class='ocrx_word' id='word_1_226' title='bbox 460 2852 503 2903; x_wconf 86' lang='lat' dir='ltr'><strong>vel</strong></span> <span class='ocrx_word' id='word_1_227' title='bbox 523 2852 618 2902; x_wconf 79' lang='lat' dir='ltr'><strong>saltem</strong></span> <span class='ocrx_word' id='word_1_228' title='bbox 637 2853 792 2923; x_wconf 75' lang='lat' dir='ltr'><strong>marginata,</strong></span> <span class='ocrx_word' id='word_1_229' title='bbox 810 2856 937 2907; x_wconf 81' lang='lat' dir='ltr'><strong>interiore</strong></span> <span class='ocrx_word' id='word_1_230' title='bbox 958 2864 1046 2912; x_wconf 83' lang='lat' dir='ltr'><strong>ovata,</strong></span> <span class='ocrx_word' id='word_1_231' title='bbox 1064 2846 1124 2920; x_wconf 79' lang='lat' dir='ltr'><strong>ple·</strong></span> 
     </span>
     <span class='ocr_line' id='line_1_32' title="bbox 139 2922 1124 2999; baseline 0.003 -27"><span class='ocrx_word' id='word_1_232' title='bbox 139 2940 256 2994; x_wconf 87' lang='lat' dir='ltr'><strong>rumque</strong></span> <span class='ocrx_word' id='word_1_233' title='bbox 271 2931 359 2974; x_wconf 78' lang='lat' dir='ltr'><strong>acuta.</strong></span> <span class='ocrx_word' id='word_1_234' title='bbox 380 2922 489 2979; x_wconf 84' lang='lat' dir='ltr'><strong>Corolls</strong></span> <span class='ocrx_word' id='word_1_235' title='bbox 507 2922 599 2989; x_wconf 74' lang='lat' dir='ltr'><strong>calyce</strong></span> <span class='ocrx_word' id='word_1_236' title='bbox 617 2922 673 2974; x_wconf 83' lang='lat' dir='ltr'><strong>iere</strong></span> <span class='ocrx_word' id='word_1_237' title='bbox 689 2924 777 2991; x_wconf 87' lang='lat' dir='ltr'><strong>duplo</strong></span> <span class='ocrx_word' id='word_1_238' title='bbox 795 2928 889 2996; x_wconf 81' lang='lat' dir='ltr'><strong>major,</strong></span> <span class='ocrx_word' id='word_1_239' title='bbox 906 2926 1004 2999; x_wconf 87' lang='lat' dir='ltr'><strong>petalis</strong></span> <span class='ocrx_word' id='word_1_240' title='bbox 1024 2922 1124 2977; x_wconf 86' lang='lat' dir='ltr'><strong>obcer-</strong></span> 
     </span>
     <span class='ocr_line' id='line_1_33' title="bbox 141 2991 822 3066; baseline 0.004 -23"><span class='ocrx_word' id='word_1_241' title='bbox 141 2991 216 3046; x_wconf 87' lang='lat' dir='ltr'><strong>datis</strong></span> <span class='ocrx_word' id='word_1_242' title='bbox 235 2995 332 3056; x_wconf 79' lang='lat' dir='ltr'><strong>eureis,</strong></span> <span class='ocrx_word' id='word_1_243' title='bbox 350 2995 392 3047; x_wconf 83' lang='lat' dir='ltr'><strong>vel</strong></span> <span class='ocrx_word' id='word_1_244' title='bbox 411 2993 573 3066; x_wconf 82' lang='lat' dir='ltr'><strong>quandoque</strong></span> <span class='ocrx_word' id='word_1_245' title='bbox 592 2992 705 3046; x_wconf 86' lang='lat' dir='ltr'><strong>croceis.</strong></span> <span class='ocrx_word' id='word_1_246' title='bbox 725 2995 758 3046; x_wconf 88' lang='grc' dir='ltr'><strong>Τ.</strong></span> <span class='ocrx_word' id='word_1_247' title='bbox 819 3004 822 3009; x_wconf 74' lang='grc'>“</span> 
     </span>
    </p>

    <p class='ocr_par' dir='ltr' id='par_1_14' title="bbox 140 3064 1194 3497">
     <span class='ocr_line' id='line_1_34' title="bbox 241 3064 1125 3137; baseline 0.002 -22"><span class='ocrx_word' id='word_1_248' title='bbox 241 3064 310 3117; x_wconf 83' lang='lat' dir='ltr'><strong>Heb.</strong></span> <span class='ocrx_word' id='word_1_249' title='bbox 327 3066 468 3135; x_wconf 87' lang='lat' dir='ltr'><strong>inalpinis</strong></span> <span class='ocrx_word' id='word_1_250' title='bbox 487 3066 515 3115; x_wconf 86' lang='lat' dir='ltr'><strong>et</strong></span> <span class='ocrx_word' id='word_1_251' title='bbox 532 3064 683 3136; x_wconf 76' lang='lat' dir='ltr'><strong>subalpinis</strong></span> <span class='ocrx_word' id='word_1_252' title='bbox 703 3064 862 3135; x_wconf 78' lang='lat' dir='ltr'><strong>salisburgi,</strong></span> <span class='ocrx_word' id='word_1_253' title='bbox 881 3068 1049 3137; x_wconf 82' lang='lat' dir='ltr'><strong>llungsriae,</strong></span> <span class='ocrx_word' id='word_1_254' title='bbox 1069 3065 1125 3118; x_wconf 87' lang='lat' dir='ltr'><strong>Ita-</strong></span> 
     </span>
     <span class='ocr_line' id='line_1_35' title="bbox 141 3131 1127 3207; baseline 0.001 -19"><span class='ocrx_word' id='word_1_255' title='bbox 141 3134 205 3197; x_wconf 87' lang='lat' dir='ltr'><strong>liae,</strong></span> <span class='ocrx_word' id='word_1_256' title='bbox 224 3133 334 3200; x_wconf 26' lang='lat' dir='ltr'><strong>Galliae·</strong></span> <span class='ocrx_word' id='word_1_257' title='bbox 350 3144 378 3187; x_wconf 89' lang='lat' dir='ltr'><strong>et</strong></span> <span class='ocrx_word' id='word_1_258' title='bbox 395 3136 550 3207; x_wconf 76' lang='lat' dir='ltr'><strong>Hispaniae.</strong></span> <span class='ocrx_word' id='word_1_259' title='bbox 573 3131 619 3199; x_wconf 73' lang='lat' dir='ltr'><strong>2l.</strong></span> <span class='ocrx_word' id='word_1_260' title='bbox 640 3135 733 3188; x_wconf 78' lang='lat' dir='ltr'><strong>Planta</strong></span> <span class='ocrx_word' id='word_1_261' title='bbox 751 3137 829 3191; x_wconf 84' lang='lat' dir='ltr'><strong>vslde</strong></span> <span class='ocrx_word' id='word_1_262' title='bbox 849 3140 980 3191; x_wconf 81' lang='lat' dir='ltr'><strong>anomala.</strong></span> <span class='ocrx_word' id='word_1_263' title='bbox 1008 3136 1127 3189; x_wconf 85' lang='lat' dir='ltr'><strong>Restitui</strong></span> 
     </span>
     <span class='ocr_line' id='line_1_36' title="bbox 140 3204 1126 3279; baseline 0.001 -20"><span class='ocrx_word' id='word_1_264' title='bbox 140 3223 244 3259; x_wconf 88' lang='lat' dir='ltr'><strong>nomen</strong></span> <span class='ocrx_word' id='word_1_265' title='bbox 262 3207 411 3278; x_wconf 80' lang='lat' dir='ltr'><strong>sntiqnum,</strong></span> <span class='ocrx_word' id='word_1_266' title='bbox 427 3225 490 3258; x_wconf 86' lang='lat' dir='ltr'><strong>nam</strong></span> <span class='ocrx_word' id='word_1_267' title='bbox 508 3208 532 3259; x_wconf 82' lang='lat' dir='ltr'><strong>ai</strong></span> <span class='ocrx_word' id='word_1_268' title='bbox 551 3226 582 3259; x_wconf 84' lang='lat' dir='ltr'><strong>ex</strong></span> <span class='ocrx_word' id='word_1_269' title='bbox 596 3204 646 3258; x_wconf 84' lang='lat' dir='ltr'><strong>buc</strong></span> <span class='ocrx_word' id='word_1_270' title='bbox 666 3223 769 3269; x_wconf 85' lang='lat' dir='ltr'><strong>csusss,</strong></span> <span class='ocrx_word' id='word_1_271' title='bbox 786 3228 866 3279; x_wconf 80' lang='lat' dir='ltr'><strong>quem</strong></span> <span class='ocrx_word' id='word_1_272' title='bbox 884 3209 933 3262; x_wconf 90' lang='lat' dir='ltr'><strong>cel.</strong></span> <span class='ocrx_word' id='word_1_273' title='bbox 952 3209 1025 3262; x_wconf 78' lang='lat' dir='ltr'><strong>Pros-</strong></span> <span class='ocrx_word' id='word_1_274' title='bbox 1053 3207 1126 3261; x_wconf 86' lang='lat' dir='ltr'><strong>Leh-</strong></span> 
     </span>
     <span class='ocr_line' id='line_1_37' title="bbox 140 3276 1126 3348; baseline 0.002 -18"><span class='ocrx_word' id='word_1_275' title='bbox 140 3295 225 3330; x_wconf 85' lang='lat' dir='ltr'><strong>mann</strong></span> <span class='ocrx_word' id='word_1_276' title='bbox 243 3276 366 3339; x_wconf 84' lang='lat' dir='ltr'><strong>adducit,</strong></span> <span class='ocrx_word' id='word_1_277' title='bbox 388 3280 590 3348; x_wconf 77' lang='lat' dir='ltr'><strong>uomen&#39;putria</strong></span> <span class='ocrx_word' id='word_1_278' title='bbox 611 3278 703 3329; x_wconf 86' lang='lat' dir='ltr'><strong>desum</strong></span> <span class='ocrx_word' id='word_1_279' title='bbox 728 3288 783 3331; x_wconf 85' lang='lat' dir='ltr'><strong>tum</strong></span> <span class='ocrx_word' id='word_1_280' title='bbox 797 3279 905 3332; x_wconf 77' lang='lat' dir='ltr'><strong>alienari</strong></span> <span class='ocrx_word' id='word_1_281' title='bbox 923 3280 1045 3341; x_wconf 86' lang='lat' dir='ltr'><strong>deberet,</strong></span> <span class='ocrx_word' id='word_1_282' title='bbox 1060 3288 1126 3332; x_wconf 84' lang='lat' dir='ltr'><strong>tunc</strong></span> 
     </span>
     <span class='ocr_line' id='line_1_38' title="bbox 140 3297 1194 3421; baseline 0.003 -21"><span class='ocrx_word' id='word_1_283' title='bbox 140 3349 223 3400; x_wconf 85' lang='lat' dir='ltr'><strong>etiam</strong></span> <span class='ocrx_word' id='word_1_284' title='bbox 242 3348 477 3421; x_wconf 79' lang='lat' dir='ltr'><strong>Draceceplrrlum</strong></span> <span class='ocrx_word' id='word_1_285' title='bbox 497 3350 674 3409; x_wconf 84' lang='lat' dir='ltr'><strong>austriacnm,</strong></span> <span class='ocrx_word' id='word_1_286' title='bbox 701 3297 797 3402; x_wconf 58' lang='lat' dir='ltr'><strong>diuum</strong></span> <span class='ocrx_word' id='word_1_287' title='bbox 817 3351 952 3421; x_wconf 77' lang='lat' dir='ltr'><strong>gallicum,</strong></span> <span class='ocrx_word' id='word_1_288' title='bbox 975 3352 1127 3405; x_wconf 88' lang='lat' dir='ltr'><strong>Hieraciurn</strong></span> <span class='ocrx_word' id='word_1_289' title='bbox 1189 3344 1194 3358; x_wconf 74' lang='lat'><strong>¹</strong></span> 
     </span>
     <span class='ocr_line' id='line_1_39' title="bbox 140 3416 1124 3497; baseline 0.001 -25"><span class='ocrx_word' id='word_1_290' title='bbox 140 3416 301 3489; x_wconf 84' lang='lat' dir='ltr'><strong>sabaudum,</strong></span> <span class='ocrx_word' id='word_1_291' title='bbox 318 3429 345 3474; x_wconf 81' lang='lat' dir='ltr'><strong>st</strong></span> <span class='ocrx_word' id='word_1_292' title='bbox 361 3429 469 3475; x_wconf 84' lang='lat' dir='ltr'><strong>centum</strong></span> <span class='ocrx_word' id='word_1_293' title='bbox 484 3420 1076 3497; x_wconf 76' lang='lat' dir='ltr'><strong>alisanomrnissuijaetursmputidebereut.</strong></span> <span class='ocrx_word' id='word_1_294' title='bbox 1091 3424 1124 3475; x_wconf 88' lang='grc' dir='ltr'><strong>Τ.</strong></span> 
     </span>
    </p>
   </div>
   <div class='ocr_carea' id='block_1_14' title="bbox 188 3486 737 3575">
    <p class='ocr_par' dir='ltr' id='par_1_15' title="bbox 188 3486 737 3575">
     <span class='ocr_line' id='line_1_40' title="bbox 188 3486 737 3575; baseline 0.009 -24"><span class='ocrx_word' id='word_1_295' title='bbox 188 3486 263 3554; x_wconf 82' lang='lat'><strong>106.</strong></span> <span class='ocrx_word' id='word_1_296' title='bbox 557 3494 590 3557; x_wconf 83' lang='lat' dir='ltr'><strong>S.</strong></span> <span class='ocrx_word' id='word_1_297' title='bbox 611 3492 662 3556; x_wconf 83' lang='lat' dir='ltr'><strong>lv.</strong></span> <span class='ocrx_word' id='word_1_298' title='bbox 689 3501 737 3575; x_wconf 74' lang='lat'><strong>¹4·</strong></span> 
     </span>
    </p>
   </div>
   <div class='ocr_carea' id='block_1_15' title="bbox 0 0 1376 4150">
    <p class='ocr_par' dir='ltr' id='par_1_16' title="bbox 0 0 1376 4150">
     <span class='ocr_line' id='line_1_41' title="bbox 0 0 1376 4150; baseline 0 0"><span class='ocrx_word' id='word_1_299' title='bbox 0 0 1376 4150; x_wconf 95' lang='lat' dir='ltr'><strong> </strong></span> 
     </span>
    </p>
   </div>
  </div>
 </body>
</html>
