2734 4150
268 379 340 440 XIV

265 547 329 597 tur.
361 532 469 596 Etiam
487 533 682 616 Agrimonia
697 553 818 617 repens
833 530 948 618 planta
966 531 1178 612 estplenaria
1196 534 1239 595 il·

194 737 197 751 ,
263 670 461 735 lustratione
477 691 547 735 non
565 673 675 736 minus
695 670 796 756 digna
810 681 916 756 squam
936 672 1100 758 indigens.
1168 717 1171 725 ·

350 816 435 898 Cum
452 810 544 873 hisce
567 809 605 874 25
621 811 824 893 generibus,
848 825 1009 896 quantum
1025 813 1116 887 scio,
1138 812 1238 877 lami·
1311 846 1314 850 ·

264 951 345 1016 liam
367 953 593 1016 Rosacearum
611 949 798 1014 absolvisse
820 955 923 1035 puto,
948 963 981 1015 et
1007 952 1152 1036 primam
1176 955 1240 1034 Sy-

166 1117 168 1122 ’
264 1089 347 1160 nodi
363 1087 643 1184 monographiam
659 1088 750 1154 finio.
781 1093 873 1157 Nova
889 1087 931 1150 de
946 1085 1001 1150 die
1020 1088 1164 1178 indiam
1174 1090 1239 1177 ¹de-

265 1241 444 1314 teguntur‚
468 1229 558 1292 circa
575 1226 706 1314 plantas
725 1229 837 1314 minus
862 1227 950 1302 bene
978 1228 1128 1312 cognitas
1148 1247 1239 1315 'quo-
1282 1235 1290 1252 “

264 1367 346 1435 tidie
370 1366 622 1429 observationes
640 1366 852 1450 melioreset
879 1366 1105 1432 correctiones
1128 1363 1240 1460 divul-
1341 1430 1345 1436 ,

264 1518 395 1604 gantur
427 1503 482 1565 Sic
500 1501 600 1565 etiam
621 1501 682 1565 suh
702 1492 875 1593 ipso-meo
900 1503 1017 1587 labore
1045 1501 1113 1588 jam
1140 1500 1265 1586 plura
1333 1562 1336 1569 .

267 1652 519 1716 successerunt,
551 1657 637 1726 quae
664 1659 736 1701 non
756 1639 899 1725 amplius
925 1643 1028 1706 inseri
1043 1653 1237 1726 potuerunt,

266 1790 300 1840 et
319 1774 565 1842 Additamentis
583 1779 795 1861 praeservari
813 1777 1014 1850 debuerunt.
1054 1779 1109 1841 sic
1135 1800 1164 1842 e.
1187 1798 1236 1861 gr.
1331 1799 1340 1812 2

160 1981 163 1986 ,
263 1895 357 1978 tomo
376 1913 477 1979 tertio
503 1911 655 1978 nondum
676 1926 758 2000 typo
783 1918 917 2000 penitus
942 1916 1095 1981 absoluto
1120 1917 1238 2000 accepi

264 2051 328 2119 cel.
345 2051 431 2120 Prol.
451 2053 581 2119 Tausoh
597 2055 734 2119 hortum
753 2053 944 2134 canalium,
968 2055 1048 2122 fasc.
1068 2073 1176 2148 rmum,
1199 2055 1235 2118 in

263 2213 331 2278 quo
346 2206 482 2281 praeter
502 2182 715 2257 Potentillam
732 2188 1006 2279 ornithopodam‚
1028 2208 1122 2258 tomo
1137 2215 1235 2281 prae-

263 2333 350 2397 senti
365 2344 484 2423 quarto
502 2329 612 2393 adhuc
634 2328 814 2410 insertam,
845 2332 945 2396 etiam
969 2351 1057 2400 nova
1080 2332 1142 2397 Gei
1161 2354 1237 2417 spe·

264 2471 352 2547 cies,
384 2474 492 2534 Geum
520 2467 729 2546 sudefirnm,
761 2468 930 2555 descripta
958 2468 1147 2556 et⁰depicta
1176 2481 1235 2534 est.

262 2606 367 2707 Hujus
394 2604 463 2693 jam
486 2604 673 2693 plenariam
708 2604 965 2673 illustrationem
989 2605 1236 2673 additamentis

263 2726 435 2811 reservare
452 2744 577 2810 debeo:
607 2746 669 2812 sed
692 2760 805 2811 tamen
834 2748 898 2811 hoc
925 2740 1003 2812 loco
1029 2748 1064 2809 in
1095 2748 1235 2832 gratiam

260 2886 442 2949 lectorum
465 2881 507 2947 de
525 2886 588 2963 hac
611 2886 724 2973 specie
736 2888 913 2972 sequentia
928 2884 1066 2971 praevie
1083 2906 1237 2951 commu·

200 3036 202 3056 '
261 3024 375 3087 nicare
395 3020 491 3089 volo:
782 3012 787 3019 ⁴

270 3208 272 3213 ,
345 3163 466 3245 Diagn.
480 3164 517 3225 G.
536 3158 631 3225 caule
648 3160 844 3239 subbitoro,
867 3160 1004 3226 floribus
1020 3153 1236 3239 nutantibus3

392 3301 501 3365 aristis
517 3299 684 3365 uncinatis
699 3299 884 3385 plumosis3
915 3298 1005 3365 foliis
1031 3299 1240 3364 radicalibus

387 3438 551 3525 pinnatis:
582 3437 705 3528 impari
729 3438 879 3505 maximo
898 3439 1126 3518 subrotundo‚
1149 3432 1264 3502 inle·'

1357 3009 1358 3094 l

1356 3289 1358 3380 l
