2734 4150
506 356 638 422 XII

510 512 788 576 nonima
817 483 975 575 cum
1004 512 1072 573 P.
1110 505 1514 575 intermedia
1561 482 1678 595 ¹(an
1725 527 1881 572 cum
1914 521 2153 572 nostra
2175 509 2234 592 ἓ)
2289 529 2357 573 v.
2403 513 2492 576 C.

457 695 462 698 -
517 653 800 735 Spreng.
849 651 1032 711 Neue
1073 630 1399 713 Entdcck.
1445 649 1528 709 II.
1569 645 1716 734 296.

683 792 750 852 P.
783 798 997 850 ovata.
1033 784 1276 848 Poiret.
1315 803 1401 845 an
1432 804 1697 848 merum
1730 787 1795 847 P.
1844 781 2224 863 subacaulis
2246 788 2487 869 Syno-

512 926 810 988 nimon?
894 965 901 973 ·
2419 902 2424 908 ’

681 1059 1054 1146 P..pallida.
1097 1059 1412 1141 Lagasca.
1447 1056 1661 1142 quid?
1707 1051 1721 1064 “

678 1202 746 1263 Ρ.
789 1195 1291 1283 groenlandica.
1339 1198 1417 1259 R.
1470 1198 1737 1259 Brown.
1778 1195 1989 1280 quid?
2052 1218 2116 1262 v.
2173 1196 2483 1264 Steudel.

517 1334 864 1411 Nomencl.
910 1334 1048 1397 bot.
1099 1326 1105 1330 ’

677 1476 744 1537 P.
778 1467 1233 1557 heptaphylla.
1278 1428 1448 1532 Min.
1488 1467 1701 1552 quid?
1742 1491 1807 1535 v.
1836 1469 2113 1535 stendel
2146 1471 2193 1537 l.
2238 1493 2299 1539 ο.

687 1611 756 1671 P.
792 1604 1156 1691 pulchella.
1195 1607 1274 1669 R.
1308 1579 1569 1669 Brown.
1618 1606 1821 1690 quid?
1872 1630 1935 1672 v.
1992 1609 2287 1691 Steudel.
2322 1608 2368 1680 1,
2411 1633 2477 1678 c.

623 1757 627 1761 ’
683 1777 913 1856 Quod·
955 1798 1170 1861 genus
1219 1778 1673 1842 Lehmanniae
1746 1780 2034 1858 adtinet,
2111 1781 2194 1844 de
2263 1783 2472 1867 hujus

515 1916 1068 1981 denominatione
1132 1914 1467 1978 rationem
1554 1914 2003 1981 sufficientem
2082 1917 2472 1991 ‚reddidisse⁴

432 2042 437 2047 ’
513 2066 678 2141 puto
716 2055 791 2117 in
819 2054 1024 2138 ipsius
1057 2053 1324 2138 generis
1366 2055 1961 2122 commentatione.

683 2206 1030 2291 Sibbaldia
1053 2201 1264 2310 genus
1289 2226 1683 2305 Potentillae
1720 2194 1957 2297 intime
1985 2227 2466 2313 conjunctum,

521 2381 587 2440 et
622 2368 812 2454 quasi
827 2364 1423 2447 consanguineum.
1457 2366 1571 2430 Est
1586 2364 2088 2449 quodammodo
2116 2366 2472 2444 Potentilla

448 2578 455 2582 .
520 2497 607 2581 ad
644 2504 928 2579 limites,
975 2500 1120 2565 solo
1159 2521 1566 2587 organorum
1602 2505 1981 2583 sexualium
2026 2523 2309 2582 numero
2356 2530 2470 2579 rex

519 2643 768 2707 stricta.
829 2644 1020 2705 Circa
1045 2640 1306 2725 species
1341 2640 1541 2739 hujus
1566 2613 1832 2727 generis
1872 2658 2231 2743 sequentes
2258 2666 2467 2730 quae-

430 2866 439 2876 ·
521 2781 775 2857 stiones
802 2777 1178 2861 movendae
1209 2793 1399 2844 sunt:

685 2956 749 3020 S.
784 2954 1156 3037 parviflora.
1225 2954 1328 3022 An
1361 2955 1620 3038 species
1662 2955 2071 3029 sufficienter
2121 2959 2385 3025 diversa
2421 2976 2461 3021 3

516 3094 581 3156 S.
617 3089 1154 3178 procumbente?

573 3267 604 3283 ““
681 3264 1176 3351 S..·polygyna.·
1213 3271 1447 3331 Nonne
1479 3268 1703 3354 potius
1742 3289 1995 3334 novum
2041 3290 2250 3355 genus
2281 3286 2452 3331 con-

514 3402 786 3471 stituore
819 3410 1164 3475 meretur?
1204 3408 1306 3473 uti
1337 3420 1403 3474 et
1422 3409 1486 3473 S.
1523 3407 1782 3491 amica,
1830 3421 1897 3474 et
1916 3412 1982 3477 S.
2003 3390 2450 3498 grendiflora?
