2734 4150
121 353 143 414 P
158 343 468 422 0TENT1LLA,
487 345 662 424 virgilio.
690 346 815 408 Lehm.

124 537 159 598 P.
185 531 281 596 caule
306 543 418 594 erecto
443 531 586 614 uirgato,
609 530 698 595 soliis
718 532 893 595 novenatis
909 533 1107 615 septenatis-

164 656 219 710 vc,
242 632 366 696 foliolis
383 633 594 710 lamentatis,
617 634 834 718 pinnatifidis,
857 654 956 718 snpra
969 631 1105 716 glabris,

162 736 279 800 subtus
295 734 647 814 niveo-tementosir,
671 734 809 800 corollis
836 735 961 820 parvis,
983 733 1103 820 petalis

103 821 106 828 ’
163 837 316 902 obovatis
334 839 579 920 integerrimis:
597 839 785 925 Lehmann.
991 825 994 829 ⁵

123 959 299 1026 Potentilla
320 959 461 1044 virgata.
483 973 632 1031 Lehmann.
653 977 714 1033 Pet.
733 996 761 1047 p.
778 980 819 1047 7⁵·
835 993 880 1028 ao.
896 990 939 1046 27.

218 1150 318 1205 Cunles
331 1149 432 1222 plures,
449 1153 541 1214 erecti,
560 1160 678 1212 teretes,
697 1151 885 1225 sequipedules
902 1159 930 1203 et
949 1149 1116 1220 longioress

120 1238 311 1315 pubescentes,
331 1259 445 1310 superne
466 1240 494 1292 in
520 1259 608 1292 ramos
634 1242 760 1312 virgatos,
781 1239 951 1301 multifloros,
967 1237 1040 1291 laxos
1059 1237 1102 1290 di-

121 1331 181 1383 visi.
207 1326 282 1380 Folia
297 1325 423 1379 radicalia
438 1337 579 1395 uovenatu,
599 1337 791 1400 septenutuque
813 1328 969 1402 longissime
983 1326 1102 1399 petiolu;

121 1417 229 1470 caulinu
250 1417 346 1466 sensim
375 1414 483 1470 brevius
511 1416 653 1488 petiolutu,
673 1416 763 1468 infima
788 1425 941 1488 septenuta,
965 1417 1104 1492 superiora

124 1506 253 1576 quinutu,
270 1521 370 1555 summa
397 1504 503 1556 sessilia
525 1513 637 1562 seruata.
667 1504 771 1556 Folicla
795 1505 913 1567 sesailia,
938 1503 1114 1565 lanceolata,¹

121 1589 291 1664 pinnatifida,
312 1593 442 1644 exteriora
453 1575 543 1644 ‘multo
562 1594 679 1656 minora,
699 1593 913 1667 supra‚riridia,
931 1592 1103 1663 glaberrima,

124 1679 197 1750 (vidi
218 1689 305 1731 tamen
320 1680 399 1731 etium
415 1699 467 1752 ope
481 1683 655 1752 microscopii
670 1679 861 1752 pubescentia!
881 1683 927 1750 Τ.)
948 1681 1046 1735 subtus
1059 1681 1101 1732 ni·

120 1775 353 1824 reo-tomentosa:
374 1769 479 1825 laciniis
493 1768 660 1840 putentibus,
678 1768 845 1833 lanceolatis,
862 1771 1027 1825 acuminatis.
1043 1767 1101 1822 Sti·

119 1858 202 1930 pulae
213 1853 497 1919 lineari-lanceolatue,
515 1859 690 1921 acuminatur,
709 1857 806 1911 subtus
830 1860 1100 1912 niveo-tomentosue.
1119 1923 1124 1938 ι

119 1945 212 1998 Plures
227 1943 363 2016 permulti,
382 1947 467 2017 parri,
484 1947 513 2000 in
529 1943 639 1999 summis
654 1947 735 2000 rumis
760 1947 917 2020 paniculuti,
935 1945 1051 2001 bracteis
1065 1944 1101 1997 li·

118 2033 244 2087 ncuribus
252 2032 376 2090 suffulti:
395 2017 717 2104 pedioellisliliforrnibus
739 2034 880 2107 elongatis,
898 2033 976 2097 luis,
994 2037 1101 2087 incum-

119 2121 316 2192 benti-pilosis.
337 2121 450 2191 Culyees
472 2123 533 2202 basi
555 2125 652 2196 pilosi:
671 2124 777 2179 laciniis
798 2123 975 2177 exterioribus
993 2106 1101 2177 lineari-

22 2210 24 2213 ’
121 2208 184 2271 but,
202 2211 331 2273 minutis,
348 2210 523 2265 interioribus
544 2212 703 2266 lanceolutis
729 2212 822 2271 acutis.
849 2209 958 2263 Corolia
978 2208 1101 2281 pallide-

119 2298 201 2356 llaru:
221 2297 319 2371 petalis
337 2298 467 2361 eboratis,
486 2302 681 2371 integerrimis,
701 2300 792 2371 calyce
819 2300 902 2373 duplo
921 2296 1099 2369 longioribus.
1183 2371 1185 2374 Ι

123 2386 333 2460 Receptaculum
353 2378 494 2446 villosum:
513 2388 630 2442 acheniia
652 2387 843 2447 albicantibus.
865 2386 1010 2444 Lehmann.

220 2477 308 2529 Putria
328 2477 430 2547 ignota.
460 2477 519 2532 Cel.
534 2479 603 2550 prol.
615 2469 758 2531 Lehmann
770 2474 789 2530 l.
805 2496 829 2529 c.
849 2496 878 2551 ip
893 2477 995 2530 Erratis
1016 2474 1096 2547 dicit,

121 2566 227 2616 iconem
242 2562 295 2615 huc
308 2565 473 2643 referendum
495 2568 607 2621 existere
627 2568 656 2619 in
670 2568 756 2622 Notis
775 2567 846 2632 ,acus
862 2564 944 2623 nord.
962 2565 1098 2641 Leopclrl.

122 2651 241 2707 Carolin.
256 2654 319 2706 Nut.
336 2654 398 2715 Cur,
414 2655 541 2714 l’om.·X.
562 2654 618 2707 Sed
633 2656 732 2709 trustra
745 2654 847 2707 ibidem
863 2656 990 2726 quaesivi.
1009 2656 1041 2709 In
1051 2674 1098 2707 eo·

123 2742 184 2795 dem
198 2751 272 2795 tomo
287 2742 377 2795 existit
396 2730 505 2815 quidem
521 2743 641 2813 ejusdem
663 2743 729 2797 diss.
753 2742 787 2796 de
810 2741 1044 2806 Tricbotbrlamo,
1069 2762 1098 2815 p.

122 2832 287 2886 ets-588.
306 2850 329 2883 c.
345 2829 433 2894 icone,
451 2832 500 2884 sed
515 2831 548 2883 de
563 2832 592 2883 P.
608 2834 710 2904 virgata
724 2851 757 2884 ne
771 2830 881 2886 verbnm
902 2831 1012 2904 quidem
1024 2832 1099 2886 inre·

122 2923 182 2974 nio.
202 2920 249 2973 Sic
271 2921 372 2993 pariter
386 2920 414 2973 in
428 2920 547 2991 ejusdem
568 2920 763 2993 Moncgrapbia
778 2921 881 2993 generis
895 2918 1099 2973 Potentillurum

122 3010 151 3060 in
172 3006 421 3061 indice'indieatam
437 2999 510 3079 (sine
523 3028 633 3062 numero
651 3019 676 3062 et
691 3013 800 3083 pagina)
816 3010 896 3063 video
916 3011 946 3063 P.
968 3008 1098 3077 lignosum

123 3094 369 3151 Triebothalamum
388 3096 648 3170 lignosumEjusd.)
674 3098 773 3161 nullibi
794 3103 856 3156 rer'n
876 3100 905 3152 in
933 3100 993 3169 ipso
1017 3114 1098 3169 opere
1185 3159 1188 3164 ¹

122 3194 355 3253 commemoratum
371 3188 487 3243 invenio.
508 3188 541 3240 Τ.
561 3253 563 3257 .

167 3414 218 3489 45.
524 3412 739 3485 suns.-
