2734 4150
57 3560 69 3593 l

126 355 462 456 i’OTENTILLA
485 363 824 444 Humboldtidnu.
850 382 883 441 T.
970 392 973 397 ⁴

120 510 156 572 P.
181 501 331 568 caulibus
366 499 648 564 decumbentibus
680 501 892 584 paucifloris,
920 499 1009 565 foliis
1035 507 1100 570 im-

169 587 501 670 bricato-pinnatis,
519 586 648 670 stipulis
674 582 997 670 amplexicaulibus,
1021 610 1103 653 ova.

173 689 209 738 to
220 671 440 736 -lancecletis
457 673 607 754 integris,
629 670 832 757 pedunculis
847 666 929 734 lolia
942 669 1104 738 radicalia

170 781 240 822 non
258 757 513 821 excedentibus.
537 759 571 820 T.

124 881 303 952 Potentilla
322 901 420 945 nana.
444 895 543 948 Humh.
563 903 590 948 et
605 895 703 968 Bonpl.
721 893 794 948 ined.

3 1015 5 1104 J
59 1027 65 1033 ’
127 1007 305 1076 Potentilla
328 1004 510 1068 candicans
533 1019 560 1087 β.
582 1025 681 1068 nana.
702 1019 791 1072 Nesst.
810 1019 917 1072 Potens.
938 1039 966 1090 p.
986 1025 1030 1082 si.
1047 1019 1104 1076 aab.

160 1105 186 1154 ,4.
200 1095 244 1161 fig.
261 1109 287 1146 a.
312 1089 452 1144 Lehmann
465 1090 572 1144 Potent.
594 1110 622 1163 p.
644 1091 688 1162 67.
715 1092 788 1143 Pcir.
801 1089 914 1161 Encycl.
931 1088 990 1143 bot.
1005 1090 1104 1164 Suppl.

159 1167 191 1222 V.
209 1171 269 1225 cta.
886 1165 889 1172 ’

223 1266 323 1339 Quoad
337 1269 444 1322 iconem
459 1269 567 1320 citatam
583 1267 685 1321 caudex
701 1286 817 1330 crassus,
837 1267 945 1338 stipulis
959 1286 1007 1321 seu
1028 1267 1115 1320 rudi·'

126 1359 226 1414 mentis
240 1355 368 1409 loliorum
382 1356 583 1409 demortuorum
597 1357 763 1409 imbricatus.
786 1355 862 1408 Folia
876 1355 1001 1409 radicalia
1017 1358 1108 1427 cespi-

126 1459 189 1502 tosn
202 1428 365 1513 subsessilia,
385 1444 583 1506 decumbentis,
601 1445 643 1496 vix
659 1443 837 1517 bipollicariu,
854 1430 1110 1518 imbricato-pinna·

127 1545 172 1597 ta,
196 1533 350 1604 multijuga,
375 1528 477 1586 foliolis
500 1531 845 1605 pectiueto-pinnatifidis,
869 1541 987 1587 ceterum
1002 1532 1058 1586 illis
1074 1534 1106 1587 P.

134 1622 302 1676 candicantis
317 1619 469 1674 simillimis.
495 1621 593 1676 Caules
607 1622 700 1692 plures
716 1620 926 1685 decumbentes,
941 1620 1014 1676 foliis
1035 1620 1108 1674 redi-

131 1709 238 1766 culibus
255 1709 398 1777 breviores,
414 1709 489 1763 1-5
505 1709 577 1764 loliis
599 1709 734 1763 similibus
756 1710 891 1762 instructi.
909 1708 973 1763 Flos
989 1729 1002 1764 a
1018 1711 1107 1772 vela,

130 1797 294 1860 terminales,
312 1796 569 1885 brevi-pediccllati,
587 1796 642 1850 illis
657 1798 687 1851 P.
703 1797 869 1851 candicantis
882 1800 938 1853 fere
955 1799 1039 1872 triplo
1055 1781 1115 1852 nni-⁸

127 1906 219 1952 nores,
237 1894 355 1938 ceterum
375 1885 486 1943 similes.
507 1886 598 1938 Petale
612 1887 655 1938 vix
675 1888 845 1958 emarginate.
872 1889 907 1944 Τ.
988 1948 990 1953 ,

225 1974 295 2027 Hub.
310 1975 339 2026 iu
355 1993 436 2046 reguo
453 1975 590 2028 menicano
605 1976 678 2044 iuxta
699 1982 788 2028 vicum
809 1976 839 2032 S.
861 1978 993 2046 Angustia
1015 1976 1049 2028 de
1068 1977 1109 2029 las

129 2065 234 2118 Cuevss
250 2073 278 2116 et
293 2063 322 2115 in
336 2061 444 2117 devexis
459 2064 558 2117 montis
573 2062 607 2116 El
630 2063 748 2133 Gusrda,
765 2067 793 2118 in
809 2066 851 2119 via
868 2063 901 2117 ad
918 2074 1026 2137 portum
1040 2065 1109 2125 Aca·

127 2153 230 2227 pulc03
250 2150 357 2204 altitud.
380 2162 568 2215 saco—1400
585 2150 679 2226 bexap.
706 2155 814 2225 regione
834 2150 990 2224 subfrigide,
1016 2152 1110 2205 Floret

206 2261 223 2295 l·
286 2286 291 2298 .

128 2242 204 2315 Apu}
227 2236 286 2381 Czel.
301 2329 376 2387 Prof.
390 2329 499 2383 Nes'tler
517 2338 551 2381 11
560 2327 696 2381 Lehmann
710 2328 780 2381 benc
795 2327 903 2401 quidem
918 2347 968 2399 pro
986 2346 1057 2380 mern
1077 2330 1108 2381 P.
1199 2383 1202 2388 ,

131 2418 297 2473 candicantis
313 2418 441 2472 varietate
455 2416 554 2489 pusillo
569 2417 714 2470 declarant.
738 2420 845 2471 Interea
856 2426 962 2491 praeter
982 2414 1112 2470 differen-

129 2510 182 2579 tiss
211 2508 374 2580 explicatas,
403 2516 430 2557 et
462 2507 621 2577 praesertim
652 2508 787 2576 ingentem
815 2505 888 2559 illam
919 2504 1045 2569 babitus,
1068 2505 1110 2558 di-

129 2597 243 2652 versitas
263 2595 318 2647 loci
339 2594 435 2649 udilis
451 2593 649 2686 stationislque,
669 2603 696 2646 et
713 2596 861 2646 auctoritas
876 2593 1045 2658 Hnmbcldti,
1065 2596 1112 2667 qui

130 2694 259 2756 utrasque
272 2685 347 2737 vivas
361 2691 389 2734 et
402 2691 563 2753 spontaneas
583 2682 743 2745 observarit,
763 2681 829 2734 mibi
845 2682 1025 2735 diversitatem
1047 2701 1111 2755 spe·

130 2774 234 2827 cificam
258 2770 439 2843 persuadent,
464 2788 533 2840 quae
552 2770 622 2823 forte
644 2769 709 2821 olim
731 2768 765 2821 ab
785 2772 846 2841 ipso
868 2769 1112 2832 demonstrabitur,

131 2862 197 2915 dum
216 2860 272 2927 ejus
298 2858 529 2931 speciosissimum
551 2876 620 2927 opus
639 2859 735 2915 Nova
759 2876 885 2925 genera
907 2867 942 2912 et
963 2860 1113 2930 species

132 2949 169 3001 ad
192 2949 262 3001 hanc
277 2946 403 2999 familiam
422 2948 670 3018 usquepert'ectum
685 2946 775 2997 fuerit.
797 2946 826 2996 P.
850 2946 1061 2999 Humbuldtiana
1083 2962 1113 2996 se
1154 3011 1156 3016 ,
1202 3004 1209 3013 Ι

71 3070 74 3075 -
133 3036 218 3091 babet
237 3037 270 3089 ad
284 3037 315 3089 P.
331 3034 517 3087 candicantem
536 3043 567 3088 ut
582 3035 724 3087 Artemisia
746 3032 864 3103 glacialis
888 3035 923 3085 ad
945 3033 1114 3086 Artemisiam

131 3123 314 3208 Absintliium.
343 3124 449 3176 interca
471 3122 553 3175 statio
575 3123 604 3174 P.
635 3121 800 3174 candicantis
824 3122 944 3190 (islantne
976 3120 1114 3191 majorisl)

135 3218 289 3269 too-⁴500
305 3210 399 3284 bexap.
418 3211 498 3263 altior
512 3218 553 3263 est
566 3208 612 3261 illa
627 3211 657 3263 Ρ.
673 3208 915 3262 flumboldtianae..
1114 3215 1116 3218 '

236 3300 306 3353 Cum
317 3302 370 3371 jam
394 3302 490 3353 existat
507 3297 559 3351 alia
575 3299 607 3353 Ρ.
620 3317 692 3350 nune
711 3298 822 3358 Wittd,
841 3296 937 3350 debuit
957 3314 1055 3348 nornen
1074 3271 1130 3362 ill.¹

136 3372 369 3442 peregrinatorum
392 3371 509 3423 alienari.
529 3368 600 3421 Dedi
617 3372 709 3444 itaque
724 3380 855 3426 consueto
872 3386 946 3423 more
965 3365 1117 3428 venerabile

134 3459 238 3497 nornen
256 3442 511 3517 ipsiusdetectosis.
538 3440 572 3495 Τ.
986 3468 990 3475 ·

177 3554 242 3621 11.
314 3572 316 3579 ·
553 3549 586 3613 S.
608 3547 660 3613 lv.
682 3546 713 3613 6.
