2734 4150
257 337 301 398 tt

257 509 464 574 componere
488 504 628 556 conatur
649 491 720 568 fui,
748 490 835 555 adeo
857 504 897 554 ut
925 491 1037 576 prima
1057 489 1231 552 contiueat

257 629 389 714 speciei
405 625 644 707 nobilissimas,
666 644 701 692 et
715 629 834 693 ultima
854 630 1128 714 simplicissimae

343 768 526 850 Sequentia
548 769 640 831 cirea
654 768 849 832 Potentillas
865 767 971 830 dubia
992 779 1027 828 et
1046 784 1170 850 pensa,
1190 775 1234 825 ut

257 869 415 990 pioxime
447 905 629 983 solvenda,
660 907 805 990 posteris
840 904 1134 978 observatoribus,
1161 902 1231 963 hoo

257 1041 336 1106 ioco
359 1042 512 1118 collecta,
534 1065 616 1142 prae
634 1046 757 1108 ceteris
778 1043 1001 1109 commendo:

251 1277 256 1286 Ι
340 1186 375 1248 P.
398 1195 573 1268 prostrata.
588 1137 731 1268 iapeyr.
754 1198 806 1256 est
821 1184 954 1268 species
969 1182 1054 1246 mihi
1073 1200 1144 1244 uou
1165 1197 1231 1262 pe·

257 1319 444 1385 netrabilis.
464 1343 498 1384 v.
516 1323 548 1384 P.
567 1319 736 1384 fruticosa.

340 1461 374 1522 1³.
397 1457 624 1522 Loureirouie.
636 1460 672 1519 Τ.
685 1459 780 1518 nano
789 1457 941 1539 speciem
958 1456 1004 1519 ob
1019 1457 1231 1517 characteres

258 1605 543 1658 commemoratos
563 1591 832 1655 distinctissimos
845 1593 982 1655 interim
996 1593 1150 1674 suscepi:
1168 1587 1233 1652 sed

262 1729 475 1794 desideratur
504 1751 607 1814 quam
632 1729 783 1792 maxime
812 1729 958 1812 repetita
986 1744 1021 1792 et
1043 1725 1233 1793 accuratior

258 1865 451 1934 observatio
469 1879 502 1931 et
517 1867 656 1932 uberior
677 1865 871 1952 descriptio,

340 2007 374 2070 Ρ.
397 2003 596 2070 floribunda.
626 1967 741 2070 Pursir.
762 2006 867 2071 Valde
885 2008 923 2070 iu
941 2005 1028 2071 votis
1056 2016 1107 2068 est
1130 2000 1231 2089 hujus

257 2144 386 2229 speciei
402 2138 575 2210 sufficiens
595 2143 783 2222 illustratio,

340 2283 374 2346 t.
400 2246 586 2345 tenuifolia.
616 2280 731 2347 wind.
753 2282 907 2369 inhujus
926 2250 1155 2349 diversitateiu
1175 2280 1232 2345 vel

257 2417 469 2483 identitatem
487 2421 676 2504 specificam
686 2442 765 2485 cum
785 2426 819 2486 Ρ.
839 2420 1000 2487 fruticosa
1019 2420 1159 2486 ulterius
1179 2420 1232 2482 in-

257 2556 494 2641 vestigandum
512 2571 562 2624 est
582 2580 614 2623 v.
636 2561 669 2624 Ρ.
692 2559 891 2625 floribunda.

289 2668 292 2677 ‘
340 2696 376 2761 P.
397 2694 627 2779 ruthenicam,
651 2697 828 2776 diffusam,
849 2698 1078 2782 norw-egicani
1101 2709 1135 2759 et
1159 2696 1231 2759 hir-

258 2844 367 2899 sutam
381 2832 511 2909 interea
527 2834 666 2919 quidem
680 2838 716 2901 in
726 2835 829 2903 fidem
847 2838 1128 2914 etauctoritatem
1146 2832 1231 2897 alio·

258 2992 334 3037 mm
349 2984 387 3037 ut
401 2974 532 3059 ep‘eciee
550 2972 699 3044 diversas
718 2976 868 3062 suscepi3
896 2973 1071 3039 tumendo
1094 2972 1229 3037 illarum

183 3202 187 3214 .
257 3091 410 3197 legitima
432 3100 625 3177 diveiiitate
648 3114 791 3181 multum
809 3114 937 3179 dubito.
958 3138 992 3182 v.
1013 3117 1074 3178 has
1087 3111 1228 3198 species.

343 3254 376 3317 Ρ.
386 3250 537 3335 strigoso.
547 3252 625 3318 Pali.
637 3253 846 3319 desideratur
862 3252 1014 3339 plenaria
1035 3250 1227 3336 descriptio.

341 3384 533 3477 1'.'hispida,
547 3392 672 3475 Witld„
697 3415 797 3481 quam
813 3391 947 3459 interim
969 3406 1007 3459 ut
1015 3392 1228 3481 subspeciem
