2734 4150
249 363 281 424 X

245 517 330 580 uicis
350 514 526 599 ingeniose
552 512 765 580 observanda
788 516 848 580 est.
879 514 1079 592 Quaeritur,
1107 533 1151 579 an
1178 519 1222 583 sit

249 654 291 717 de
309 655 395 740 segie
413 650 769 738 Schlechtendaliana‚
793 665 826 714 et
848 665 921 716 tum
946 652 1086 716 fortasse
1107 657 1140 718 P.
1161 677 1220 718 ve-

212 847 218 858 ,
247 791 374 854 lutinae
392 791 448 856 vel
464 794 497 856 P.
515 789 683 853 Vaillantii
700 791 913 874 propinqua?
937 762 1064 854 numne
1085 792 1219 889 penitus

244 929 399 1013 Fragaria
417 921 632 1010 brennam,
655 939 712 989 aut
734 927 945 990 micrantha?

327 1069 359 1130 P.
378 1027 518 1150 frigida:
549 1085 591 1127 an
619 1076 712 1134 recte
738 1063 781 1127 ad
804 1064 1001 1148 exemplum
1022 1062 1148 1127 Helleri
1174 1065 1219 1128 fil.

211 1215 220 1228 “
247 1204 398 1287 separavi
416 1206 449 1267 P.
463 1201 620 1286 frigidam
638 1215 672 1265 et
690 1201 894 1271 helveticam
910 1202 947 1264 in
964 1201 1047 1265 duas
1065 1192 1219 1286 species?

327 1344 360 1405 P.
394 1339 516 1422 frigida
548 1338 661 1402 Nestl.
684 1338 726 1402 ab
753 1340 904 1424 utrisque
931 1339 1216 1425 praecedentibus

246 1451 384 1541 differre
406 1475 550 1556 videtur.
568 1498 599 1557 v.
619 1480 652 1541 P.
672 1475 850 1560 helvetica.
898 1539 900 1542 ,
929 1510 932 1518 ·

213 1679 245 1706 .·
326 1617 360 1678 Ρ.
381 1613 553 1678 Bocconii.
577 1613 674 1690 Circa
701 1613 814 1698 petala
837 1611 1032 1698 adhucdum
1054 1611 1216 1678 observa·

245 1742 354 1827 tiones
378 1747 622 1828 desiderantur.

325 1891 357 1952 P.
382 1868 495 1952 retusa
522 1901 555 1951 et
581 1887 772 1965 tridentem,
796 1891 953 1955 attentius
981 1890 1220 1966 examinatae,

36 2063 40 2074 .
155 2005 157 2011 ’
240 1999 379 2109 possent
396 2024 506 2089 adhuc
526 2026 686 2110 cognosci
704 2031 741 2090 ut
760 2026 846 2095 duae
860 2027 1012 2095 diversae
1033 2026 1177 2113 species.

323 2162 494 2234 rutena.
510 2139 624 2243 utne.
642 2164 832 2229 senorum
852 2167 1001 2251 cognitio
1017 2164 1213 2229 adhucdum

200 2278 207 2285 .
241 2296 363 2384 deficit.
1283 2266 1286 2270 1

321 2441 354 2501 Ρ.
372 2402 592 2518 Dethomosii.
615 2440 720 2525 Hujus
738 2439 921 2525 descriptio
938 2440 1057 2505 saltem
1074 2442 1158 2505 mihi
1169 2441 1214 2519 ¹in

241 2574 328 2637 votis
352 2587 411 2638 est.

321 2715 353 2776 P.
378 2713 586 2795 corymbosa.
615 2718 755 2779 Pourret
779 2714 815 2776 in
835 2715 908 2781 Act.
930 2714 1027 2781 tolos.
1050 2721 1106 2781 III.
1132 2717 1217 2793 525.

238 2847 334 2912 caule
352 2850 577 2929 suifrutiooso‚
599 2850 827 2917 adscendente
837 2877 847 2929 ;
869 2852 959 2918 foliis
977 2855 1123 2945 quinatis
1140 2867 1210 2918 ter-

236 2986 365 3058 natisve
381 2986 529 3064 villosis,
551 2954 675 3054 foliolis
703 2987 904 3086 linearibus,
926 2985 1056 3076 stipulis
1078 2987 1209 3076 petiole

235 3122 457 3215 longioribus,
481 3086 854 3213 floriliuscorymbosis.
875 3127 959 3195 nab.
977 3129 1206 3195 incatalonia.

236 3264 284 3325 De
301 3265 365 3328 hac
382 3242 512 3349 reliqna
533 3265 646 3331 omnia
671 3268 916 3363 desiderantur.

309 3403 352 3479 P.
373 3402 525 3471 dissccta.
541 3405 656 3471 Pursh.
672 3418 804 3483 erecta,
822 3426 972 3485 ramosa,
994 3402 1205 3491 glabriuscu·
