2734 4150
142 334 764 407 SIBBALD1·AL.Pot0ntilla.
789 345 946 410 Cluiru
976 350 1125 432 Fraga.

190 446 262 504 ria.
289 443 424 502 Tourn.

142 566 251 648 (Syst.
275 583 347 625 sex.
364 523 541 623 Pentandr.
557 575 695 646 pentag.
714 565 871 630 Alfinatas
889 581 958 632 nat.
978 572 1134 666 Roseae]

191 689 250 758 ae.
261 670 344 731 Gen.
360 684 459 747 prox.
474 667 711 750 Lehmannia.)

142 861 244 923 Char.
261 879 338 943 gen.
370 857 477 938 Calyx
499 857 674 934 10·fidus‚
698 861 971 944 campanulatus,
993 865 1125 934 laciniis
1184 945 1186 952 Ι

188 960 327 1024 alternis
345 961 554 1040 minoribus3
575 962 688 1044 petala
702 963 733 1039 5,
758 965 865 1047 calyci
883 968 1019 1046 inserta,
1041 969 1125 1035 laci-

186 1066 252 1128 niis
271 1064 512 1140 exterioribus,
536 1065 761 1130 s.minoribus
780 1071 943 1153 opposita.
974 1075 1124 1138 Stamina
1189 1143 1192 1148 ,

187 1170 219 1245 5,
244 1168 372 1232 corolla
392 1168 569 1244 breviora,
594 1166 702 1250 calyci
728 1171 861 1235 inserta.
905 1177 1064 1238 Germina
1084 1179 1122 1254 5,

187 1286 287 1335 ovata
305 1274 339 1334 in
360 1271 494 1353 ealycis
507 1270 613 1334 fundo
634 1271 932 1355 conglommerata.
963 1279 1045 1360 Styli
1073 1279 1123 1344 la-

121 1360 136 1405 ”
185 1375 309 1439 terales
328 1374 542 1456 longitudine
562 1375 761 1437 staminum:
786 1378 941 1462 stigmata
968 1383 1121 1465 capitata.

185 1476 291 1559 Calyx
307 1476 435 1543 fruetus
455 1477 653 1554 connivens,
675 1479 796 1544 alsonia
818 1478 966 1564 oblonga
990 1485 1025 1545 in
1047 1486 1123 1550 sinu

185 1579 314 1645 fovens.

185 1823 188 1833 ¹
242 1768 355 1841 Species
369 1769 423 1823 lere
437 1772 534 1841 unice:
553 1790 615 1824 nam
623 1771 652 1825 S.
669 1772 812 1847 parvissora
826 1775 868 1826 rin
884 1775 949 1846 quid
967 1777 1120 1862 plusbquam

142 1858 299 1919 varietatem
316 1862 479 1912 constituere
495 1860 617 1929 videtur3
633 1870 721 1914 erecta
737 1881 809 1925 vero,
824 1864 965 1934 polygyna,
975 1862 1077 1920 'allalca
1093 1878 1121 1922 et

140 1947 303 2020 grandillora
318 1949 504 2002 verosimiliter
518 1966 616 2002 novum
630 1959 657 2002 et
675 1951 812 2022 proprium
830 1951 912 2024 genus
940 1957 1118 2009 constituunt.

101 2021 110 2027 ,
141 2038 198 2090 sed
213 2055 227 2087 e
242 2035 293 2089 cel.
306 2038 344 2090 D.
362 2037 477 2092 Steudel
492 2036 580 2091 edbue
594 2040 748 2093 nominatur
763 2040 792 2097 S.
809 2041 970 2114 oclop'etala.
985 2044 1064 2105 Mill,
1085 2045 1118 2097 de
1142 2023 1158 2044 Ι

141 2145 202 2196 qua,
220 2125 286 2198 qnid
310 2128 439 2194 sentium,
465 2132 573 2190 nescio,
599 2146 661 2179 cum
679 2130 708 2181 in
725 2112 895 2182 adminiculis
921 2133 985 2182 meis
1003 2132 1069 2184 nibil
1085 2132 1118 2187 de
1169 2194 1173 2206 1

139 2212 189 2265 linc
198 2224 434 2267 commemoratum
441 2216 583 2267 inveniam.
592 2213 733 2267 Sibbaldie
741 2236 821 2288 porro
837 2218 1043 2290 (procumbens)
1054 2240 1117 2273 cau·

140 2304 227 2356 cesica
242 2305 279 2370 (r,
296 2302 334 2355 M.
351 2302 381 2359 B.
398 2304 436 2359 Fl.
453 2312 520 2361 leur,
535 2321 609 2361 cruc.
626 2304 649 2354 I.
668 2308 742 2373 257.)
758 2307 830 2359 loliis
853 2307 978 2378 utrinque
998 2310 1116 2363 sericeo·

140 2389 344 2445 canescentibus
360 2390 485 2463 specifice
505 2390 600 2444 differe
617 2389 733 2444 videtur.

235 2482 268 2534 In
282 2499 334 2533 uns
345 2480 495 2551 'eidemque
509 2478 619 2552 planta,
636 2499 795 2552 quamquam
819 2499 895 2543 raro,
922 2482 1024 2553 pistilli
1046 2504 1114 2557 quo·

139 2568 257 2621 rumdam
273 2569 369 2621 ssorum
386 2568 566 2639 duplicantur,
582 2578 731 2643 ceterorum
751 2567 917 2621 orthodoxis.
939 2571 1050 2643 Species
1068 2593 1114 2627 ve.

139 2675 177 2720 rc,
195 2658 222 2709 in
241 2658 339 2728 quibus
354 2657 510 2725 regulariter
525 2658 601 2728 plum
618 2649 763 2729 apparent,
784 2656 843 2709 eliis
858 2658 938 2711 simul
952 2660 1114 2731 characteri·

32 2752 36 2758 ’
138 2744 203 2805 bus.
229 2756 341 2819 totoque
368 2745 462 2797 babitu
479 2745 620 2806 alienatis,
638 2748 681 2798 vix
702 2748 730 2797 in
748 2744 800 2797 hoc
821 2764 916 2815 genere
938 2753 1032 2801 merito
1049 2769 1115 2802 con·

139 2844 282 2895 servantur,
302 2844 329 2886 et
337 2836 478 2887 occesiooc
494 2844 657 2906 opportuna,
672 2836 823 2885 accuratius
837 2835 1025 2888 examinandae
1039 2847 1113 2889 sunt.
1173 2852 1175 2859 ·

206 2924 312 2975 Nomen
333 2924 361 2976 in
377 2924 531 2974 memoriam
546 2922 658 2974 liuberti
678 2921 805 2982 Sibbald‚
824 2923 897 2980 Med.
908 2926 987 2976 Doet.
1004 2928 1112 2985 scotici,

140 3020 165 3062 et
184 3011 291 3083 collegii
315 3011 385 3063 med.
409 3012 614 3080 edinburgensis
636 3013 714 3074 socii,
731 3012 777 3081 qui
798 3028 838 3061 eo.
856 3012 922 3074 1684
944 3012 1062 3064 Scotiam
1078 3012 1111 3064 il·

140 3097 286 3172 lustratam,
301 3119 322 3151 s.
338 3089 517 3153 Prodiomum
527 3081 654 3152 historiae
662 3109 716 3151 nat.
727 3101 844 3158 Scotiee,
855 3118 896 3149 ao.
908 3119 974 3169 1710
982 3102 1111 3156 disserte·

140 3192 237 3241 lienem
254 3189 288 3241 de
303 3187 390 3244 (lbere
404 3189 471 3243 Julii
486 3190 618 3252 Caesaris,
636 3199 664 3268 et
682 3176 720 3261 p'l.
740 3187 774 3246 al.
793 3207 888 3263 opusc.
911 3188 1006 3244 edidit.

181 3399 249 3475 146.
547 3401 581 3465 S.
604 3400 656 3464 lv.
682 3421 731 3485 ¹9·

400 3573 411 3605 ι
517 3548 524 3586 l
