2734 4150
121 321 450 390 rornnrnna
472 323 667 407 nysrtsa.
695 323 918 388 Warzron.
1001 319 1022 386 s
1059 392 1061 397 .

122 449 156 510 Ρ.
180 442 334 509 caulibus
347 439 660 526 procumbentibus,
681 441 768 506 loliis
779 442 983 508 radicalibu's
996 449 1096 526 3-4.

168 551 268 624 natis,
292 546 416 609 lotiolis
434 545 769 629 chunuto-oblongis,
793 547 888 631 apice
901 559 934 608 ct
946 547 1008 610 sub
1024 552 1096 633 api-

168 673 208 714 ce
231 650 607 728 conniventi-serratis,
629 670 730 734 supra
748 647 995 733 glabriusculis,
1019 651 1098 714 sub-

165 768 219 817 tus
257 738 569 836 glaucescentibus,
616 754 770 830 sericeis,
813 752 944 816 laciniis
972 753 1097 836 calyci·

163 859 216 920 nis
234 856 350 922 oratis:
374 855 584 932 acuminatis,
604 855 717 940 petala
741 857 925 922 obcordata
948 860 1099 943 aequari-⁸

161 959 262 1023 tibus.
284 957 460 1022 Wallroth.

121 1083 301 1150 Potentilla
320 1081 475 1165 hybrida.
492 1098 594 1153 Wallr.
611 1098 711 1152 selred·
728 1101 784 1157 cnr,
804 1098 826 1151 1.
840 1107 899 1166 247.
993 1157 997 1167 ,

220 1207 317 1258 Forma
332 1203 496 1266 admiranda,
509 1204 580 1258 iriter
594 1207 624 1258 P.
633 1205 720 1258 albam
735 1214 762 1259 et
774 1205 1008 1276 Rsragariastrum
1020 1206 1110 1270 (Fra-·

120 1296 218 1366 gatiam
237 1293 367 1365 sterilem)
381 1293 550 1355 intermedia,
570 1303 654 1346 matre
669 1297 700 1349 P.
717 1293 784 1362 alba,
801 1302 875 1366 patre'
891 1295 934 1346 Fr.
950 1295 1050 1357 sterlli,
1070 1303 1098 1348 ct
1192 1307 1194 1313 ’

56 1448 61 1454 ¹
121 1384 204 1436 murlo
226 1383 291 1436 huic
312 1380 393 1433 modo
414 1380 455 1434 illi
478 1382 600 1440 similior.
633 1383 765 1436 Eximium
789 1385 912 1456 prolecto
933 1384 1031 1454 stirpes
1048 1382 1097 1434 bae
1192 1445 1196 1459 ι

125 1473 244 1523 osleruut
259 1469 411 1542 plantarum
423 1468 596 1541 bybridaium
612 1471 777 1544 exemplum,
797 1489 849 1543 quo
872 1472 981 1524 aliarum
1002 1472 1097 1526 simili·

119 1578 166 1613 um
184 1560 334 1613 assecuratio
349 1578 418 1615 nora
431 1559 590 1616 illustratur.
609 1561 719 1614 Plantae
737 1561 855 1632 singulae
872 1558 906 1611 ob
926 1559 1097 1612 incertitudi-
1127 1605 1130 1610 ,

121 1667 185 1701 uem
210 1649 471 1720 approximationem
493 1650 527 1701 ad
551 1658 660 1712 matrem
682 1648 725 1702 vel
743 1658 845 1719 patrem
863 1647 920 1700 fisis
937 1646 1098 1700 characteri·

121 1735 177 1812 bus
193 1735 310 1788 describi
325 1747 470 1809 nequeunt.
500 1728 589 1808 Stirpi
605 1735 719 1808 hybrida
735 1736 852 1790 radicem
867 1737 995 1808 lignosum
1020 1740 1098 1806 (eau-

121 1824 307 1893 lescentem'l)
325 1843 373 1896 pro
390 1826 481 1898 planta
495 1826 618 1888 validam,
636 1834 801 1898 protensam,
818 1824 939 1877 habiturn
958 1825 1110 1898 foliorum-¹

124 1932 178 1986 que
197 1911 317 1984 liguram,
335 1923 526 1967 secuturarum
541 1913 676 1981 indolem,
689 1913 799 1973 lacinias
816 1913 914 1984 calyeis
930 1925 956 1966 et
970 1916 1099 1969 corollam

121 2003 181 2060 aP.
197 2003 274 2060 alba:
301 2000 392 2074 pilos,
417 2003 515 2077 quibua
536 2004 618 2056 facies
641 2002 767 2055 loliorum
782 2021 866 2075 prona
880 2005 963 2072 magis
979 2005 1099 2061 minusve
1136 2007 1141 2012 '

76 2125 78 2129 ,
120 2091 259 2165 pubescit,
275 2092 377 2166 pubem
398 2093 560 2165 peticionum
584 2094 813 2165 patentissimam,
835 2092 999 2162 receptaculi
1020 2094 1099 2147 ache-

119 2182 282 2252 uictumque
294 2178 424 2241 indolem,
439 2188 544 2253 tempus
560 2179 675 2243 lloreudi
690 2196 704 2229 a
718 2180 840 2249 Fragurie
857 2180 942 2232 sterili
958 2182 1098 2237 mutuavit.

120 2270 196 2322 luter
209 2267 255 2322 illa
272 2288 335 2324 vero
350 2268 498 2341 specimina
511 2277 617 2339 praeter
630 2268 784 2320 loliolorum
799 2278 938 2319 numerum
953 2273 1098 2323 ternarium

121 2356 159 2410 ad
184 2376 301 2428 unguem
322 2359 351 2410 P.
374 2355 462 2409 albam
482 2358 662 2417 referentium,
681 2354 731 2407 a'lia
747 2357 846 2433 passim
862 2365 1007 2408 occurrunt
1022 2359 1096 2429 Frag.

120 2445 241 2499 sterilem
257 2448 351 2518 potius
366 2446 603 2518 repraesentantia,
619 2461 687 2516 quae
703 2442 802 2515 pubem
817 2443 932 2515 aliquam
946 2447 974 2499 iu
989 2434 1099 2497 foliolo·
1162 2497 1164 2503 ,
1268 2489 1273 2505 ,

121 2553 183 2585 rum
208 2534 439 2588 subobovatorum
458 2533 554 2607 pagina
576 2533 714 2605 superiore
738 2530 863 2588 induunt.
891 2534 988 2585 ,Teuta
1011 2542 1099 2589 autent

120 2622 239 2695 partium
254 2622 445 2692 irregularitas,
464 2632 492 2675 et
504 2622 575 2675 iuter
589 2630 729 2692 utramque
743 2624 861 2691 speciem
875 2622 1034 2691 ambiguitas
1049 2626 1099 2674 mi-

26 2740 27 2746 =
120 2712 194 2765 nime
211 2710 414 2767 ararietatibus
428 2710 477 2764 sed
492 2713 584 2783 potius
603 2708 636 2761 ab
652 2707 774 2778 hybridis
789 2710 970 2780 proferuntur,
984 2710 1100 2763 nullam·

122 2810 332 2874 quepareuturn
347 2802 459 2852 formam
473 2798 541 2851 adeo
560 2798 704 2867 attingunt,
724 2806 755 2849 ut
777 2790 838 2849 cum
859 2807 935 2869 patre
956 2799 996 2851 rel
1016 2806 1100 2851 matre

26 2897 51 2956 J
121 2890 216 2960 speeie
232 2889 378 2943 coadunari
392 2896 513 2962 possent.
527 2883 758 2941 ‘EaWallrotbio
773 2886 791 2936 l.
811 2904 833 2945 c,

221 2977 291 3034 nab.
316 2987 390 3045 extra
414 2978 470 3047 agri
491 2973 608 3027 balensis
631 2972 697 3026 lines
712 2971 746 3024 ad
762 2972 880 3027 dextram
898 2974 1101 3029 molaemadiae
1202 2971 1206 2983 '

26 3058 27 3064 ¹
85 3130 89 3138 .
121 3064 372 3136 steigertlaalisnae,
400 3067 429 3117 in
453 3065 591 3117 consortio
616 3064 755 3133 Fragarias
776 3063 874 3117 sterilis
897 3070 927 3115 et·
941 3065 993 3115 Pot
1017 3063 1102 3128 albae,

125 3150 174 3218 2l.
190 3152 268 3218 Mihi,
287 3162 541 3225 uenantoptau-ex
564 3150 689 3203 omnibus
707 3148 733 3205 b.
754 3148 773 3202 l.
799 3149 889 3204 relatis
914 3149 1021 3204 ridetur
1041 3170 1100 3204 esse

26 3241 28 3271 2
122 3244 231 3315 speeies
245 3259 314 3295 nova
330 3245 442 3295 maxime
459 3244 489 3298 P.
505 3238 581 3292 albae
593 3238 687 3299 affinis,
717 3237 765 3290 sed
783 3238 816 3292 ab
837 3238 939 3291 inlluxu
956 3240 1101 3294 'societatis

122 3329 244 3383 nondum
261 3331 425 3385 sufficienter
438 3331 582 3403 explicato,
600 3346 680 3398 quem
698 3333 787 3381 tumen
800 3326 859 3399 jaru'
872 3329 1029 3402 saepissime
1049 3328 1100 3383 ub·

122 3420 236 3481 servavi,
254 3419 317 3493 plus
330 3422 419 3479 ninus
435 3421 559 3480 alienata.
577 3417 611 3472 Τ.
665 3470 675 3481 ‚

168 3490 260 3557 sau*
321 3560 325 3567 ,
414 3536 433 3579 0
535 3486 720 3559 S.1v.16.
