2734 4150
511 288 636 391 'xx‘

468 546 473 552 ‚
509 473 903 562 proposuit,
950 459 1328 559 analogiam
1343 475 1871 546 „consuetudinis
1902 498 2232 560 sequium,
2278 499 2476 541 mera

514 611 1080 689 calendar-iorum,
1129 634 1178 678 s.
1214 615 1667 707 astronomica
1707 615 2039 680 substitui.
2080 616 2335 677 Horum
2363 614 2475 678 in-

515 753 856 824 troductio
887 753 1156 839 penitus
1181 752 1437 817 inutilis
1472 752 1648 817 fore‘t
1668 797 1685 832 ‚
1729 753 1862 816 nisi
1889 751 2103 817 multo
2137 751 2475 835 majorem

516 892 899 976 specierum
930 893 1199 976 copiam
1226 891 1539 955 hocloco
1568 888 1853 954 tractare
1877 887 2246 973 deberem,
2267 911 2476 973 quam

520 1045 675 1096 sunt
727 1030 882 1093 illae
936 1030 1008 1091 in
1059 1029 1383 1107 Linnaei‚
1446 1029 1943 1105 Willdenowii‚
1991 1026 2102 1092 vel
2149 997 2480 1091 Persooni

425 1248 429 1252 Ι
523 1167 845 1252 operibus
878 1140 1334 1253 conscriptae.
1366 1167 1587 1251 Signa
1609 1166 1749 1252 jam
1774 1166 2075 1251 alioquin
2118 1187 2207 1228 ex
2237 1165 2478 1228 calen-

521 1305 724 1368 dariis
765 1316 962 1379 nota‚
1007 1302 1268 1368 facilius
1318 1305 1649 1368 memoria
1695 1304 2072 1368 retinentur
2112 1325 2317 1389 quam
2353 1304 2481 1365 ali-
2524 1357 2527 1365 .

525 1465 654 1506 ena
696 1455 764 1504 et
804 1441 1072 1526 penitus
1114 1460 1316 1515 nova.
1378 1515 1382 1519 ,
1480 1513 1488 1539 1

689 1581 837 1642 Non
871 1577 1040 1642 levis
1081 1576 1208 1640 fnit
1249 1575 1484 1654 labor,
1544 1598 1681 1662 quo
1731 1559 1990 1664 species
2027 1579 2099 1640 in
2135 1576 2482 1661 praesenti

504 1714 1018 1804 (Monographia
1059 1713 1378 1801 collectas
1414 1717 1709 1782 tractavi.
1774 1717 2059 1808 Assidua
2104 1714 2481 1799 diligentia,

520 1853 948 1938 praeparatio
987 1872 1110 1935 per
1153 1851 1306 1938 plus
1361 1874 1566 1938 quam
1614 1855 1741 1918 tria
1799 1854 2169 1930 decennia,
2233 1867 2301 1916 et
2343 1852 2484 1915 fre-

478 2039 487 2049 ,
525 2011 739 2075 quens
785 1991 1304 2075 circumspectio
1346 1991 1418 2052 in
1461 1990 1651 2094 libris
1701 2005 1765 2058 et
1799 1991 2128 2056 herbariis
2171 1968 2486 2075 require-

522 2129 760 2206 batur3
821 2130 1104 2214 insignis
1157 2095 1453 2231 denique
1493 2131 1715 2201 cautio
1760 2132 1835 2195 in
1879 2131 2151 2240 delectu
2192 2131 2487 2212 Synon-i-

523 2271 702 2333 miae
751 2282 818 2350 et
870 2266 1384 2332 coordinatione
1429 2256 1809 2353 specierum
1847 2269 1933 2332 ad
1966 2269 2155 2354 leges
2198 2267 2486 2345 affinita-

525 2408 631 2470 tis.
675 2406 926 2473 Multos
956 2378 1562 2500 praedecessorum
1592 2428 1851 2472 errores
1883 2421 1949 2472 et
1972 2408 2483 2473 delitescentias

530 2526 910 2618 emendavi.
985 2546 1058 2608 Si
1104 2565 1243 2620 non
1289 2566 1571 2625 omnes,
1618 2569 1871 2633 aequus
1916 2546 2132 2633 judex
2168 2545 2488 2629 indulge-

438 2745 441 2749 .
527 2682 630 2747 hit
667 2680 1119 2746 imbecillitati
1174 2686 1450 2749 humani
1484 2686 1762 2770 ingenii.
1828 2658 1964 2749 Sed
2010 2687 2213 2750 etiam
2262 2686 2486 2750 sciens

483 2838 488 2843 ·
524 2823 757 2909 plures
787 2822 1073 2899 retinui,
1119 2824 1391 2907 qnando
1422 2844 1671 2908 nempe
1704 2846 1859 2887 mea
1890 2797 2035 2888 sola
2067 2826 2300 2909 opinio
2338 2844 2486 2887 non

527 2961 858 3039 sufficere,
893 2958 1013 3025 sed
1047 2981 1413 3027 consensus
1446 2963 1832 3046 graviorum
1867 2962 2175 3048 judicum
2208 2964 2296 3027 ad
2334 2983 2486 3026 cer-

527 3092 887 3215 titudinem
925 3100 1475 3221 constituendam
1503 3104 1773 3191 reposci
1824 3100 2204 3167 videbatur.
2289 3100 2484 3166 Tales

492 3261 691 3305 ·vero
732 3208 1000 3304 errores
1034 3265 1075 3306 a
1102 3240 1499 3307 censoribus
1533 3221 1903 3322 indicandi,
1949 3264 2089 3307 non
2127 3242 2315 3318 mihi,
2362 3240 2489 3305 sed

525 3380 867 3465 praesenti
896 3382 1054 3446 artis
1088 3383 1296 3469 ipsius
1317 3383 1859 3471 imperfectioni
1840 3395 2175 3469 imputare
2197 3392 2485 3467 oportet.

2005 3489 2022 3512 1
